<record>
  <leader>01871cim a2200505Ia 4500</leader>
  <controlfield tag="001">ocn299567375</controlfield>
  <controlfield tag="005">20150808051417.0</controlfield>
  <controlfield tag="007">sd fungnn|||ed</controlfield>
  <controlfield tag="008">090126s2009    mdunnnn        f  n eng d</controlfield>
  <datafield tag="020" ind1=" " ind2=" ">
   <subfield code="a">9781415964576 :</subfield>
   <subfield code="c">$100.00</subfield>
  </datafield>
  <datafield tag="020" ind1=" " ind2=" ">
   <subfield code="a">9781600245480 (McNaughton) :</subfield>
   <subfield code="c">$39.98</subfield>
  </datafield>
  <datafield tag="020" ind1=" " ind2=" ">
   <subfield code="a">1415964572</subfield>
  </datafield>
  <datafield tag="028" ind1="0" ind2="2">
   <subfield code="a">8038-CD</subfield>
   <subfield code="b">Books on Tape</subfield>
  </datafield>
  <datafield tag="040" ind1=" " ind2=" ">
   <subfield code="a">TEFBT</subfield>
   <subfield code="c">TEFBT</subfield>
   <subfield code="d">OCLCQ</subfield>
   <subfield code="d">TEFBT</subfield>
   <subfield code="d">GO3</subfield>
   <subfield code="d">COB</subfield>
   <subfield code="d">UtOrBLW</subfield>
  </datafield>
  <datafield tag="043" ind1=" " ind2=" ">
   <subfield code="a">n-us---</subfield>
  </datafield>
  <datafield tag="049" ind1=" " ind2=" ">
   <subfield code="a">PDV</subfield>
  </datafield>
  <datafield tag="092" ind1=" " ind2=" ">
   <subfield code="a">TB CD</subfield>
   <subfield code="b">Baldacci</subfield>
  </datafield>
  <datafield tag="100" ind1="1" ind2=" ">
   <subfield code="a">Baldacci, David.</subfield>
  </datafield>
  <datafield tag="245" ind1="1" ind2="0">
   <subfield code="a">First family</subfield>
   <subfield code="h">[sound recording] /</subfield>
   <subfield code="c">by David Baldacci.</subfield>
  </datafield>
  <datafield tag="250" ind1=" " ind2=" ">
   <subfield code="a">Library ed.</subfield>
  </datafield>
  <datafield tag="250" ind1=" " ind2=" ">
   <subfield code="a">Unabridged.</subfield>
  </datafield>
  <datafield tag="264" ind1=" " ind2="1">
   <subfield code="a">Westminster, Md. :</subfield>
   <subfield code="b">Books on Tape,</subfield>
   <subfield code="c">[2009]</subfield>
  </datafield>
  <datafield tag="264" ind1=" " ind2="4">
   <subfield code="c">p2009</subfield>
  </datafield>
  <datafield tag="300" ind1=" " ind2=" ">
   <subfield code="a">12 sound discs :</subfield>
   <subfield code="b">digital ;</subfield>
   <subfield code="c">4 3/4 in.</subfield>
  </datafield>
  <datafield tag="336" ind1=" " ind2=" ">
   <subfield code="a">spoken word</subfield>
   <subfield code="b">spw</subfield>
   <subfield code="2">rdacontent</subfield>
  </datafield>
  <datafield tag="337" ind1=" " ind2=" ">
   <subfield code="a">audio</subfield>
   <subfield code="b">s</subfield>
   <subfield code="2">rdamedia</subfield>
  </datafield>
  <datafield tag="338" ind1=" " ind2=" ">
   <subfield code="a">audio disc</subfield>
   <subfield code="b">sd</subfield>
   <subfield code="2">rdacarrier</subfield>
  </datafield>
  <datafield tag="490" ind1="1" ind2=" ">
   <subfield code="a">Sean King and Michelle Maxwell series</subfield>
  </datafield>
  <datafield tag="500" ind1=" " ind2=" ">
   <subfield code="a">Duration: 872 min.</subfield>
  </datafield>
  <datafield tag="511" ind1="0" ind2=" ">
   <subfield code="a">Read by Ron McLarty.</subfield>
  </datafield>
  <datafield tag="520" ind1=" " ind2=" ">
   <subfield code="a">The First Lady enlists the help of Sean King and Michelle Maxwell after a daring kidnapping turns a children's birthday party into a national security nightmare.</subfield>
  </datafield>
  <datafield tag="500" ind1=" " ind2=" ">
   <subfield code="a">Compact disc.</subfield>
  </datafield>
  <datafield tag="500" ind1=" " ind2=" ">
   <subfield code="a">In container (17 cm.).</subfield>
  </datafield>
  <datafield tag="650" ind1=" " ind2="0">
   <subfield code="a">King, Sean (Fictitious character)</subfield>
   <subfield code="v">Fiction.</subfield>
  </datafield>
  <datafield tag="650" ind1=" " ind2="0">
   <subfield code="a">Maxwell, Michelle (Fictitious character)</subfield>
   <subfield code="v">Fiction.</subfield>
  </datafield>
  <datafield tag="650" ind1=" " ind2="0">
   <subfield code="a">Kidnapping</subfield>
   <subfield code="v">Fiction.</subfield>
  </datafield>
  <datafield tag="650" ind1=" " ind2="0">
   <subfield code="a">Audiobooks.</subfield>
  </datafield>
  <datafield tag="650" ind1=" " ind2="0">
   <subfield code="a">Children of presidents</subfield>
   <subfield code="z">United States</subfield>
   <subfield code="v">Fiction.</subfield>
  </datafield>
  <datafield tag="700" ind1="1" ind2=" ">
   <subfield code="a">McLarty, Ron.</subfield>
  </datafield>
  <datafield tag="830" ind1=" " ind2="0">
   <subfield code="a">Sean King and Michelle Maxwell series ;</subfield>
   <subfield code="v">4.</subfield>
  </datafield>
  <datafield tag="907" ind1=" " ind2=" ">
   <subfield code="a">.b12500148</subfield>
   <subfield code="b">05-09-23</subfield>
   <subfield code="c">05-05-09</subfield>
  </datafield>
  <datafield tag="998" ind1=" " ind2=" ">
   <subfield code="a">r</subfield>
   <subfield code="b">05-05-09</subfield>
   <subfield code="c">m</subfield>
   <subfield code="d">z  </subfield>
   <subfield code="e">-</subfield>
   <subfield code="f">eng</subfield>
   <subfield code="g">mdu</subfield>
   <subfield code="h">0</subfield>
   <subfield code="i">0</subfield>
  </datafield>
  <datafield tag="910" ind1=" " ind2=" ">
   <subfield code="a">RDA ENRICHED</subfield>
  </datafield>
  <datafield tag="910" ind1=" " ind2=" ">
   <subfield code="a">MARS</subfield>
  </datafield>
  <datafield tag="945" ind1=" " ind2=" ">
   <subfield code="a">TB CD Baldacci     </subfield>
   <subfield code="g">1</subfield>
   <subfield code="i">31743310013071</subfield>
   <subfield code="l">rms  </subfield>
   <subfield code="o">-</subfield>
   <subfield code="p">$39.98</subfield>
   <subfield code="q">b</subfield>
   <subfield code="r">-</subfield>
   <subfield code="s">-  </subfield>
   <subfield code="t">32</subfield>
   <subfield code="u">70</subfield>
   <subfield code="v">38</subfield>
   <subfield code="w">4</subfield>
   <subfield code="x">4</subfield>
   <subfield code="y">.i21124292</subfield>
   <subfield code="z">11-18-15</subfield>
  </datafield>
 </record>