<record>
  <leader>02283pim a2200541 a 4500</leader>
  <controlfield tag="001">bl2009010621</controlfield>
  <controlfield tag="005">20150808051417.0</controlfield>
  <controlfield tag="007">sd fungnnmmned</controlfield>
  <controlfield tag="008">090413s2009    nyunnnn        f  n eng d</controlfield>
  <datafield tag="010" ind1=" " ind2=" ">
   <subfield code="a">bl2009010621</subfield>
  </datafield>
  <datafield tag="020" ind1=" " ind2=" ">
   <subfield code="a">9781600245404 :</subfield>
   <subfield code="c">$39.98</subfield>
  </datafield>
  <datafield tag="028" ind1="0" ind2="2">
   <subfield code="a">2-72540</subfield>
   <subfield code="b">Hachette Audio</subfield>
  </datafield>
  <datafield tag="040" ind1=" " ind2=" ">
   <subfield code="a">NjBwBT</subfield>
   <subfield code="c">NjBwBT</subfield>
   <subfield code="d">NjBwBT</subfield>
   <subfield code="d">UtOrBLW</subfield>
  </datafield>
  <datafield tag="049" ind1=" " ind2=" ">
   <subfield code="a">PDV</subfield>
  </datafield>
  <datafield tag="092" ind1=" " ind2=" ">
   <subfield code="a">TB CD</subfield>
   <subfield code="b">Patterson</subfield>
  </datafield>
  <datafield tag="100" ind1="1" ind2=" ">
   <subfield code="a">Patterson, James,</subfield>
   <subfield code="d">1947-</subfield>
  </datafield>
  <datafield tag="245" ind1="1" ind2="4">
   <subfield code="a">The 8th confession</subfield>
   <subfield code="h">[sound recording] /</subfield>
   <subfield code="c">James Patterson and Maxine Paetro.</subfield>
  </datafield>
  <datafield tag="246" ind1="3" ind2=" ">
   <subfield code="a">Eighth confession</subfield>
  </datafield>
  <datafield tag="250" ind1=" " ind2=" ">
   <subfield code="a">Unabridged.</subfield>
  </datafield>
  <datafield tag="264" ind1=" " ind2="1">
   <subfield code="a">New York :</subfield>
   <subfield code="b">Hachette Audio,</subfield>
   <subfield code="c">[2009]</subfield>
  </datafield>
  <datafield tag="264" ind1=" " ind2="4">
   <subfield code="c">p2009</subfield>
  </datafield>
  <datafield tag="300" ind1=" " ind2=" ">
   <subfield code="a">7 sound discs (7 hr.) :</subfield>
   <subfield code="b">digital ;</subfield>
   <subfield code="c">4 3/4 in.</subfield>
  </datafield>
  <datafield tag="336" ind1=" " ind2=" ">
   <subfield code="a">spoken word</subfield>
   <subfield code="b">spw</subfield>
   <subfield code="2">rdacontent</subfield>
  </datafield>
  <datafield tag="337" ind1=" " ind2=" ">
   <subfield code="a">audio</subfield>
   <subfield code="b">s</subfield>
   <subfield code="2">rdamedia</subfield>
  </datafield>
  <datafield tag="338" ind1=" " ind2=" ">
   <subfield code="a">audio disc</subfield>
   <subfield code="b">sd</subfield>
   <subfield code="2">rdacarrier</subfield>
  </datafield>
  <datafield tag="490" ind1="1" ind2=" ">
   <subfield code="a">Women's murder club</subfield>
  </datafield>
  <datafield tag="511" ind1="0" ind2=" ">
   <subfield code="a">Read by Carolyn McCormick.</subfield>
  </datafield>
  <datafield tag="500" ind1=" " ind2=" ">
   <subfield code="a">Compact discs.</subfield>
  </datafield>
  <datafield tag="500" ind1=" " ind2=" ">
   <subfield code="a">In container (17 cm.).</subfield>
  </datafield>
  <datafield tag="500" ind1=" " ind2=" ">
   <subfield code="a">Includes an excerpt from The 9th judgement.</subfield>
  </datafield>
  <datafield tag="520" ind1=" " ind2=" ">
   <subfield code="a">The Women's Murder Club faces its toughest challenge as Detective Lindsay Boxer investigates the high-profile murder of two San Francisco millionaires and reporter Cindy Thomas digs into the brutal slaying of a preacher with a message of hope for the homeless.</subfield>
  </datafield>
  <datafield tag="650" ind1=" " ind2="0">
   <subfield code="a">Boxer, Lindsay</subfield>
   <subfield code="c">(Fictitious character)</subfield>
   <subfield code="v">Fiction.</subfield>
  </datafield>
  <datafield tag="650" ind1=" " ind2="0">
   <subfield code="a">Women's Murder Club (Imaginary organization)</subfield>
   <subfield code="v">Fiction.</subfield>
  </datafield>
  <datafield tag="650" ind1=" " ind2="0">
   <subfield code="a">Women detectives</subfield>
   <subfield code="z">California</subfield>
   <subfield code="z">San Francisco</subfield>
   <subfield code="v">Fiction.</subfield>
  </datafield>
  <datafield tag="650" ind1=" " ind2="0">
   <subfield code="a">Women in the professions</subfield>
   <subfield code="v">Fiction.</subfield>
  </datafield>
  <datafield tag="650" ind1=" " ind2="0">
   <subfield code="a">Female friendship</subfield>
   <subfield code="v">Fiction.</subfield>
  </datafield>
  <datafield tag="650" ind1=" " ind2="0">
   <subfield code="a">Murderers</subfield>
   <subfield code="v">Fiction.</subfield>
  </datafield>
  <datafield tag="655" ind1=" " ind2="7">
   <subfield code="a">Mystery fiction.</subfield>
   <subfield code="2">gsafd</subfield>
  </datafield>
  <datafield tag="655" ind1=" " ind2="7">
   <subfield code="a">Audiobooks.</subfield>
   <subfield code="2">lcgft</subfield>
  </datafield>
  <datafield tag="700" ind1="1" ind2=" ">
   <subfield code="a">Paetro, Maxine.</subfield>
  </datafield>
  <datafield tag="700" ind1="1" ind2=" ">
   <subfield code="a">McCormick, Carolyn,</subfield>
   <subfield code="e">narrator.</subfield>
  </datafield>
  <datafield tag="830" ind1=" " ind2="0">
   <subfield code="a">Women's murder club ;</subfield>
   <subfield code="v">bk. 8.</subfield>
  </datafield>
  <datafield tag="907" ind1=" " ind2=" ">
   <subfield code="a">.b12500227</subfield>
   <subfield code="b">09-11-23</subfield>
   <subfield code="c">05-05-09</subfield>
  </datafield>
  <datafield tag="998" ind1=" " ind2=" ">
   <subfield code="a">g</subfield>
   <subfield code="a">r</subfield>
   <subfield code="b">05-05-09</subfield>
   <subfield code="c">m</subfield>
   <subfield code="d">z  </subfield>
   <subfield code="e">-</subfield>
   <subfield code="f">eng</subfield>
   <subfield code="g">nyu</subfield>
   <subfield code="h">4</subfield>
   <subfield code="i">4</subfield>
  </datafield>
  <datafield tag="910" ind1=" " ind2=" ">
   <subfield code="a">RDA ENRICHED</subfield>
  </datafield>
  <datafield tag="910" ind1=" " ind2=" ">
   <subfield code="a">MARS</subfield>
  </datafield>
  <datafield tag="945" ind1=" " ind2=" ">
   <subfield code="a">TB CD Patterson     </subfield>
   <subfield code="g">1</subfield>
   <subfield code="i">31743304810441</subfield>
   <subfield code="l">gms  </subfield>
   <subfield code="n">cleaned 4/16---tech services</subfield>
   <subfield code="o">-</subfield>
   <subfield code="p">$39.98</subfield>
   <subfield code="q">b</subfield>
   <subfield code="r">-</subfield>
   <subfield code="s">-  </subfield>
   <subfield code="t">32</subfield>
   <subfield code="u">79</subfield>
   <subfield code="v">22</subfield>
   <subfield code="w">0</subfield>
   <subfield code="x">1</subfield>
   <subfield code="y">.i18603117</subfield>
   <subfield code="z">01-20-10</subfield>
  </datafield>
  <datafield tag="945" ind1=" " ind2=" ">
   <subfield code="a">TB CD Patterson     </subfield>
   <subfield code="g">1</subfield>
   <subfield code="i">31743304799529</subfield>
   <subfield code="l">rms  </subfield>
   <subfield code="o">-</subfield>
   <subfield code="p">$39.98</subfield>
   <subfield code="q">b</subfield>
   <subfield code="r">-</subfield>
   <subfield code="s">-  </subfield>
   <subfield code="t">32</subfield>
   <subfield code="u">150</subfield>
   <subfield code="v">35</subfield>
   <subfield code="w">0</subfield>
   <subfield code="x">2</subfield>
   <subfield code="y">.i18569109</subfield>
   <subfield code="z">12-22-09</subfield>
  </datafield>
 </record>