<record>
  <leader>01350cam a22003734a 4500</leader>
  <controlfield tag="001">ocm43010835</controlfield>
  <controlfield tag="005">20150808051418.0</controlfield>
  <controlfield tag="008">930930s1970    nyu      b    000 0 eng d</controlfield>
  <datafield tag="010" ind1=" " ind2=" ">
   <subfield code="a">70099791</subfield>
  </datafield>
  <datafield tag="020" ind1=" " ind2=" ">
   <subfield code="a">0812000390 (pbk.) :</subfield>
   <subfield code="c">$9.95</subfield>
  </datafield>
  <datafield tag="040" ind1=" " ind2=" ">
   <subfield code="a">IdBB</subfield>
   <subfield code="c">OIP</subfield>
   <subfield code="d">OCL</subfield>
   <subfield code="d">UtOrBLW</subfield>
  </datafield>
  <datafield tag="041" ind1="1" ind2=" ">
   <subfield code="a">eng</subfield>
   <subfield code="h">enm</subfield>
  </datafield>
  <datafield tag="049" ind1=" " ind2=" ">
   <subfield code="a">PDV</subfield>
  </datafield>
  <datafield tag="092" ind1=" " ind2=" ">
   <subfield code="a">821</subfield>
   <subfield code="b">Chaucer</subfield>
  </datafield>
  <datafield tag="100" ind1="1" ind2=" ">
   <subfield code="a">Chaucer, Geoffrey,</subfield>
   <subfield code="d">-1400.</subfield>
  </datafield>
  <datafield tag="240" ind1="1" ind2="0">
   <subfield code="a">Canterbury tales.</subfield>
   <subfield code="k">Selections</subfield>
  </datafield>
  <datafield tag="245" ind1="1" ind2="0">
   <subfield code="a">Chaucer's Canterbury tales (selected) :</subfield>
   <subfield code="b">an interlinear translation /</subfield>
   <subfield code="c">by Vincent F. Hopper.</subfield>
  </datafield>
  <datafield tag="250" ind1=" " ind2=" ">
   <subfield code="a">Rev. ed.</subfield>
  </datafield>
  <datafield tag="264" ind1=" " ind2="1">
   <subfield code="a">Hauppauge, N.Y. :</subfield>
   <subfield code="b">Barron's Educational Series,</subfield>
   <subfield code="c">[1970]</subfield>
  </datafield>
  <datafield tag="264" ind1=" " ind2="4">
   <subfield code="c">c1970</subfield>
  </datafield>
  <datafield tag="300" ind1=" " ind2=" ">
   <subfield code="a">xiii, 530 pages ;</subfield>
   <subfield code="c">20 cm</subfield>
  </datafield>
  <datafield tag="336" ind1=" " ind2=" ">
   <subfield code="a">text</subfield>
   <subfield code="b">txt</subfield>
   <subfield code="2">rdacontent</subfield>
  </datafield>
  <datafield tag="337" ind1=" " ind2=" ">
   <subfield code="a">unmediated</subfield>
   <subfield code="b">n</subfield>
   <subfield code="2">rdamedia</subfield>
  </datafield>
  <datafield tag="338" ind1=" " ind2=" ">
   <subfield code="a">volume</subfield>
   <subfield code="b">nc</subfield>
   <subfield code="2">rdacarrier</subfield>
  </datafield>
  <datafield tag="504" ind1=" " ind2=" ">
   <subfield code="a">Includes bibliographical references.</subfield>
  </datafield>
  <datafield tag="650" ind1=" " ind2="0">
   <subfield code="a">Christian pilgrims and pilgrimages</subfield>
   <subfield code="z">England</subfield>
   <subfield code="z">Canterbury</subfield>
   <subfield code="v">Poetry.</subfield>
  </datafield>
  <datafield tag="650" ind1=" " ind2="0">
   <subfield code="a">English poetry</subfield>
   <subfield code="y">Middle English, 1100-1500.</subfield>
  </datafield>
  <datafield tag="650" ind1=" " ind2="0">
   <subfield code="a">Tales, Medieval.</subfield>
  </datafield>
  <datafield tag="700" ind1="1" ind2=" ">
   <subfield code="a">Hopper, Vincent F.</subfield>
   <subfield code="q">(Vincent Foster),</subfield>
   <subfield code="d">1906-1976.</subfield>
  </datafield>
  <datafield tag="907" ind1=" " ind2=" ">
   <subfield code="a">.b12500409</subfield>
   <subfield code="b">10-14-22</subfield>
   <subfield code="c">05-05-09</subfield>
  </datafield>
  <datafield tag="998" ind1=" " ind2=" ">
   <subfield code="a">m</subfield>
   <subfield code="b">05-05-09</subfield>
   <subfield code="c">m</subfield>
   <subfield code="d">a  </subfield>
   <subfield code="e">-</subfield>
   <subfield code="f">eng</subfield>
   <subfield code="g">nyu</subfield>
   <subfield code="h">0</subfield>
   <subfield code="i">0</subfield>
  </datafield>
  <datafield tag="910" ind1=" " ind2=" ">
   <subfield code="a">RDA ENRICHED</subfield>
  </datafield>
  <datafield tag="910" ind1=" " ind2=" ">
   <subfield code="a">MARS</subfield>
  </datafield>
  <datafield tag="945" ind1=" " ind2=" ">
   <subfield code="a">821 Chaucer     </subfield>
   <subfield code="g">1</subfield>
   <subfield code="i">31743013299837</subfield>
   <subfield code="l">mms  </subfield>
   <subfield code="o">-</subfield>
   <subfield code="p">$9.95</subfield>
   <subfield code="q">-</subfield>
   <subfield code="r">-</subfield>
   <subfield code="s">-  </subfield>
   <subfield code="t">2</subfield>
   <subfield code="u">8</subfield>
   <subfield code="v">3</subfield>
   <subfield code="w">0</subfield>
   <subfield code="x">1</subfield>
   <subfield code="y">.i18311647</subfield>
   <subfield code="z">05-06-09</subfield>
  </datafield>
 </record>