<record>
  <leader>04058nim a2200529Ka 4500</leader>
  <controlfield tag="001">ocm58463909</controlfield>
  <controlfield tag="005">20150808051418.0</controlfield>
  <controlfield tag="007">sd fungnnmmned</controlfield>
  <controlfield tag="008">050623s2004    vaunnn   r     l    eng  </controlfield>
  <datafield tag="010" ind1=" " ind2=" ">
   <subfield code="a">2005580367</subfield>
  </datafield>
  <datafield tag="020" ind1=" " ind2=" ">
   <subfield code="a">1565859421</subfield>
  </datafield>
  <datafield tag="028" ind1="0" ind2="2">
   <subfield code="a">Course no. 6240</subfield>
   <subfield code="b">Teaching Company</subfield>
  </datafield>
  <datafield tag="040" ind1=" " ind2=" ">
   <subfield code="a">DLC</subfield>
   <subfield code="c">DLC</subfield>
   <subfield code="d">TEF</subfield>
   <subfield code="d">COR</subfield>
   <subfield code="d">UtOrBLW</subfield>
  </datafield>
  <datafield tag="049" ind1=" " ind2=" ">
   <subfield code="a">PDV</subfield>
  </datafield>
  <datafield tag="092" ind1=" " ind2=" ">
   <subfield code="a">TB CD 232</subfield>
   <subfield code="b">Johnson</subfield>
  </datafield>
  <datafield tag="100" ind1="1" ind2=" ">
   <subfield code="a">Johnson, Luke Timothy.</subfield>
  </datafield>
  <datafield tag="245" ind1="1" ind2="0">
   <subfield code="a">Jesus and the Gospels</subfield>
   <subfield code="h">[sound recording] /</subfield>
   <subfield code="c">Luke Timothy Johnson.</subfield>
  </datafield>
  <datafield tag="264" ind1=" " ind2="1">
   <subfield code="a">Chantilly, Va. :</subfield>
   <subfield code="b">Teaching Co.,</subfield>
   <subfield code="c">[2004]</subfield>
  </datafield>
  <datafield tag="264" ind1=" " ind2="4">
   <subfield code="c">c2004</subfield>
  </datafield>
  <datafield tag="300" ind1=" " ind2=" ">
   <subfield code="a">18 sound discs (60 min. each) :</subfield>
   <subfield code="b">digital ;</subfield>
   <subfield code="c">4 3/4 in. +</subfield>
   <subfield code="e">3 course guidebooks (ii, 56 pages).</subfield>
  </datafield>
  <datafield tag="336" ind1=" " ind2=" ">
   <subfield code="a">spoken word</subfield>
   <subfield code="b">spw</subfield>
   <subfield code="2">rdacontent</subfield>
  </datafield>
  <datafield tag="337" ind1=" " ind2=" ">
   <subfield code="a">audio</subfield>
   <subfield code="b">s</subfield>
   <subfield code="2">rdamedia</subfield>
  </datafield>
  <datafield tag="338" ind1=" " ind2=" ">
   <subfield code="a">audio disc</subfield>
   <subfield code="b">sd</subfield>
   <subfield code="2">rdacarrier</subfield>
  </datafield>
  <datafield tag="440" ind1=" " ind2="0">
   <subfield code="a">Religion</subfield>
  </datafield>
  <datafield tag="490" ind1="1" ind2=" ">
   <subfield code="a">The great courses</subfield>
  </datafield>
  <datafield tag="511" ind1="0" ind2=" ">
   <subfield code="a">Lectures by Luke Timothy Johnson, Emory University.</subfield>
  </datafield>
  <datafield tag="500" ind1=" " ind2=" ">
   <subfield code="a">A set of 36 half-hour lectures on 18 discs.</subfield>
  </datafield>
  <datafield tag="500" ind1=" " ind2=" ">
   <subfield code="a">In three containers.</subfield>
  </datafield>
  <datafield tag="500" ind1=" " ind2=" ">
   <subfield code="a">Accompanying course guidebooks includes a glossary, biographical notes, and a bibliography.</subfield>
  </datafield>
  <datafield tag="500" ind1=" " ind2=" ">
   <subfield code="a">Compact disc.</subfield>
  </datafield>
  <datafield tag="505" ind1="0" ind2=" ">
   <subfield code="a">Part 1: lecture 1: Why not "the historical Jesus"? ; lecture 2: The starting point, the resurrection experience -- lecture 3: The matrix, symbolic world of Greek and Jew ; lecture 4. Parallels, stories of Greek and Jewish heroes -- lecture 5: The context, Jesus in the memory of the Church ; lecture 6: Earliest stages, Paul and the oral tradition -- lecture 7: Why compose Gospels? ; lecture 8: The synoptic problem and its solutions -- lecture 9: Gospel of Mark, apocalyptic and irony ; lecture 10: Gospel of Mark, good news in mystery -- lecture 11: Gospel of Mark, teacher and disciples ; lecture 12: Gospel of Mark, passion and death.</subfield>
  </datafield>
  <datafield tag="505" ind1="0" ind2=" ">
   <subfield code="a">Part 2: lecture 13: Gospel of Matthew, synagogue down the street ; lecture 14: Gospel of Matthew, the Messiah of Israel -- lecture 15: Gospel of Matthew, Jesus and Torah ; lecture 16: Gospel of Matthew, teacher and Lord -- lecture 17: Luke-Acts, the prophetic gospel ; lecture 18: Gospel of Luke, God's prophet -- lecture 19: Gospel of Luke, the prophet and the people ; lecture 20: Acts of the Apostles, the prophet's movement -- lecture 21: Gospel of John, context of conflict ; lecture 22: Gospel of John, Jesus as the man from heaven -- lecture 23: Gospel of John, Jesus as obedient son ; lecture 24: Gospel of John, witness to the truth.</subfield>
  </datafield>
  <datafield tag="505" ind1="0" ind2=" ">
   <subfield code="a">Part 3: lecture 25: In and out, canonical and apocryphal gospels ; lecture 26: Young Jesus, the infancy gospel of James -- lecture 27: Young Jesus, the infancy gospel of Thomas ; lecture 28: Jewish Christian narrative gospels -- lecture 29: Fragments of narrative gospels, Gospel of Peter ; lecture 30: New revelations, Gnostic witnesses -- lecture 31: Jesus in Word, the coptic gospel of Thomas ; lecture 32: Jesus in Word, two Gnostic gospels -- lecture 33 The Gnostic good news, the Gospel of truth ; lecture 34: The Gnostic good news, the Gospel of Philip -- lecture 35: Jesus in and through the gospels ; lecture 36: Learning Jesus in past and present.</subfield>
  </datafield>
  <datafield tag="600" ind1="0" ind2="0">
   <subfield code="a">Jesus Christ</subfield>
   <subfield code="v">Biography.</subfield>
  </datafield>
  <datafield tag="600" ind1="0" ind2="0">
   <subfield code="a">Jesus Christ</subfield>
   <subfield code="x">Historicity.</subfield>
  </datafield>
  <datafield tag="600" ind1="0" ind2="0">
   <subfield code="a">Jesus Christ</subfield>
   <subfield code="x">History of doctrines.</subfield>
  </datafield>
  <datafield tag="630" ind1="0" ind2="0">
   <subfield code="a">Bible.</subfield>
   <subfield code="p">Gospels</subfield>
   <subfield code="x">Criticism, interpretation, etc.</subfield>
  </datafield>
  <datafield tag="650" ind1=" " ind2="0">
   <subfield code="a">Audiobooks.</subfield>
  </datafield>
  <datafield tag="710" ind1="2" ind2=" ">
   <subfield code="a">Teaching Company.</subfield>
  </datafield>
  <datafield tag="830" ind1=" " ind2="0">
   <subfield code="a">Great courses (Compact disc)</subfield>
  </datafield>
  <datafield tag="907" ind1=" " ind2=" ">
   <subfield code="a">.b12500446</subfield>
   <subfield code="b">03-03-23</subfield>
   <subfield code="c">05-05-09</subfield>
  </datafield>
  <datafield tag="998" ind1=" " ind2=" ">
   <subfield code="a">a</subfield>
   <subfield code="b">05-05-09</subfield>
   <subfield code="c">m</subfield>
   <subfield code="d">z  </subfield>
   <subfield code="e">-</subfield>
   <subfield code="f">eng</subfield>
   <subfield code="g">vau</subfield>
   <subfield code="h">0</subfield>
   <subfield code="i">0</subfield>
  </datafield>
  <datafield tag="910" ind1=" " ind2=" ">
   <subfield code="a">RDA ENRICHED</subfield>
  </datafield>
  <datafield tag="910" ind1=" " ind2=" ">
   <subfield code="a">MARS</subfield>
  </datafield>
  <datafield tag="945" ind1=" " ind2=" ">
   <subfield code="a">TB CD 232 Johnson     </subfield>
   <subfield code="c">pt. 1 disc. 1</subfield>
   <subfield code="g">1</subfield>
   <subfield code="i">31743304462128</subfield>
   <subfield code="l">ams  </subfield>
   <subfield code="o">-</subfield>
   <subfield code="p">$49.00</subfield>
   <subfield code="q">b</subfield>
   <subfield code="r">-</subfield>
   <subfield code="s">-  </subfield>
   <subfield code="t">32</subfield>
   <subfield code="u">30</subfield>
   <subfield code="v">9</subfield>
   <subfield code="w">1</subfield>
   <subfield code="x">0</subfield>
   <subfield code="y">.i18311404</subfield>
   <subfield code="z">05-06-09</subfield>
  </datafield>
  <datafield tag="945" ind1=" " ind2=" ">
   <subfield code="a">TB CD 232 Johnson     </subfield>
   <subfield code="c">pt. 2 disc 7</subfield>
   <subfield code="g">1</subfield>
   <subfield code="i">31743304462136</subfield>
   <subfield code="l">ams  </subfield>
   <subfield code="n">Cleaned 8/18 --- Tech Services</subfield>
   <subfield code="o">-</subfield>
   <subfield code="p">$49.00</subfield>
   <subfield code="q">b</subfield>
   <subfield code="r">-</subfield>
   <subfield code="s">-  </subfield>
   <subfield code="t">32</subfield>
   <subfield code="u">19</subfield>
   <subfield code="v">4</subfield>
   <subfield code="w">1</subfield>
   <subfield code="x">0</subfield>
   <subfield code="y">.i18311416</subfield>
   <subfield code="z">05-06-09</subfield>
  </datafield>
  <datafield tag="945" ind1=" " ind2=" ">
   <subfield code="a">TB CD 232 Johnson     </subfield>
   <subfield code="c">pt. 3 disc 13</subfield>
   <subfield code="g">1</subfield>
   <subfield code="i">31743304462144</subfield>
   <subfield code="l">ams  </subfield>
   <subfield code="o">-</subfield>
   <subfield code="p">$49.00</subfield>
   <subfield code="q">b</subfield>
   <subfield code="r">-</subfield>
   <subfield code="s">-  </subfield>
   <subfield code="t">32</subfield>
   <subfield code="u">12</subfield>
   <subfield code="v">4</subfield>
   <subfield code="w">1</subfield>
   <subfield code="x">0</subfield>
   <subfield code="y">.i18311428</subfield>
   <subfield code="z">05-06-09</subfield>
  </datafield>
 </record>