<record>
  <leader>02855cim a2200469Ia 4500</leader>
  <controlfield tag="001">ocm69018677</controlfield>
  <controlfield tag="005">20150808051418.0</controlfield>
  <controlfield tag="007">sd fungnnmmned</controlfield>
  <controlfield tag="008">060519s2000    vaunnn   r     lb   eng d</controlfield>
  <datafield tag="020" ind1=" " ind2=" ">
   <subfield code="a">1565853636</subfield>
  </datafield>
  <datafield tag="028" ind1="0" ind2="2">
   <subfield code="a">Course no. 643</subfield>
   <subfield code="b">Teaching Company</subfield>
  </datafield>
  <datafield tag="040" ind1=" " ind2=" ">
   <subfield code="a">TXA</subfield>
   <subfield code="c">TXA</subfield>
   <subfield code="d">TXA</subfield>
   <subfield code="d">VP@</subfield>
   <subfield code="d">COR</subfield>
   <subfield code="d">UtOrBLW</subfield>
  </datafield>
  <datafield tag="049" ind1=" " ind2=" ">
   <subfield code="a">PDV</subfield>
  </datafield>
  <datafield tag="092" ind1=" " ind2=" ">
   <subfield code="a">TB CD 232</subfield>
   <subfield code="b">Ehrman</subfield>
  </datafield>
  <datafield tag="100" ind1="1" ind2=" ">
   <subfield code="a">Ehrman, Bart D.</subfield>
  </datafield>
  <datafield tag="245" ind1="1" ind2="4">
   <subfield code="a">The historical Jesus</subfield>
   <subfield code="h">[sound recording] /</subfield>
   <subfield code="c">Bart D. Ehrman.</subfield>
  </datafield>
  <datafield tag="264" ind1=" " ind2="1">
   <subfield code="a">Chantilly, Va. :</subfield>
   <subfield code="b">Teaching Co.,</subfield>
   <subfield code="c">[2000]</subfield>
  </datafield>
  <datafield tag="264" ind1=" " ind2="4">
   <subfield code="c">c2000</subfield>
  </datafield>
  <datafield tag="300" ind1=" " ind2=" ">
   <subfield code="a">12 sound discs (60 min. each) :</subfield>
   <subfield code="b">digital ;</subfield>
   <subfield code="c">4 3/4 in. +</subfield>
   <subfield code="e">2 course guidebooks (ii, 72 pages).</subfield>
  </datafield>
  <datafield tag="336" ind1=" " ind2=" ">
   <subfield code="a">spoken word</subfield>
   <subfield code="b">spw</subfield>
   <subfield code="2">rdacontent</subfield>
  </datafield>
  <datafield tag="337" ind1=" " ind2=" ">
   <subfield code="a">audio</subfield>
   <subfield code="b">s</subfield>
   <subfield code="2">rdamedia</subfield>
  </datafield>
  <datafield tag="338" ind1=" " ind2=" ">
   <subfield code="a">audio disc</subfield>
   <subfield code="b">sd</subfield>
   <subfield code="2">rdacarrier</subfield>
  </datafield>
  <datafield tag="440" ind1=" " ind2="0">
   <subfield code="a">Religion</subfield>
  </datafield>
  <datafield tag="490" ind1="1" ind2=" ">
   <subfield code="a">The great courses</subfield>
  </datafield>
  <datafield tag="511" ind1="0" ind2=" ">
   <subfield code="a">Lecturer: Bart D. Ehrman, University of North Carolina at Chapel Hill.</subfield>
  </datafield>
  <datafield tag="500" ind1=" " ind2=" ">
   <subfield code="a">A set of 24 half-hour lectures on 12 discs.</subfield>
  </datafield>
  <datafield tag="500" ind1=" " ind2=" ">
   <subfield code="a">Compact disc.</subfield>
  </datafield>
  <datafield tag="500" ind1=" " ind2=" ">
   <subfield code="a">In two containers.</subfield>
  </datafield>
  <datafield tag="500" ind1=" " ind2=" ">
   <subfield code="a">Accompanying course guidebooks includes a glossary, biographical notes, and a bibliography.</subfield>
  </datafield>
  <datafield tag="505" ind1="0" ind2=" ">
   <subfield code="a">Part 1: Lecture 1: The many faces of Jesus ; Lecture 2: One remarkable life -- Lecture 3: Scholars look at the Gospels ; Lecture 4: Fact and fiction in the Gospels -- Lecture 5: The birth of the Gospels ; Lecture 6: Some of the other Gospels -- Lecture 7: The Coptic Gospel of Thomas ; Lecture 8: Other sources -- Lecture 9: Historical criteria, getting back to Jesus ; Lecture 10: More historical criteria -- Lecture 11: The early life of Jesus ; Lecture 12: Jesus in His context.</subfield>
  </datafield>
  <datafield tag="505" ind1="8" ind2=" ">
   <subfield code="a">Part 2: Lecture 13: Jesus and Roman rule ; Lecture 14: Jesus the apocalyptic prophet -- Lecture 15: The apocalyptic teachings of Jesus ; Lecture 16: Other teachings of Jesus in their apocalyptic context -- Lecture 17: The deeds of Jesus in their apocalyptic context ; Lecture 18: Still other words and deeds of Jesus -- Lecture 19: The controversies of Jesus ; Lecture 20: The last days of Jesus -- Lecture 21: The last hours of Jesus ; Lecture 22: The death and resurrection of Jesus -- Lecture 23: The afterlife of Jesus ; Lecture 24: The prophet of the new millennium.</subfield>
  </datafield>
  <datafield tag="600" ind1="0" ind2="0">
   <subfield code="a">Jesus Christ</subfield>
   <subfield code="x">History and criticism.</subfield>
  </datafield>
  <datafield tag="600" ind1="0" ind2="0">
   <subfield code="a">Jesus Christ</subfield>
   <subfield code="x">Historicity.</subfield>
  </datafield>
  <datafield tag="650" ind1=" " ind2="0">
   <subfield code="a">Audiobooks.</subfield>
  </datafield>
  <datafield tag="710" ind1="2" ind2=" ">
   <subfield code="a">Teaching Company.</subfield>
  </datafield>
  <datafield tag="830" ind1=" " ind2="0">
   <subfield code="a">Great courses (Compact disc)</subfield>
  </datafield>
  <datafield tag="907" ind1=" " ind2=" ">
   <subfield code="a">.b12500458</subfield>
   <subfield code="b">08-14-15</subfield>
   <subfield code="c">05-05-09</subfield>
  </datafield>
  <datafield tag="998" ind1=" " ind2=" ">
   <subfield code="a">m</subfield>
   <subfield code="b">05-05-09</subfield>
   <subfield code="c">m</subfield>
   <subfield code="d">z  </subfield>
   <subfield code="e">-</subfield>
   <subfield code="f">eng</subfield>
   <subfield code="g">vau</subfield>
   <subfield code="h">4</subfield>
   <subfield code="i">0</subfield>
  </datafield>
  <datafield tag="910" ind1=" " ind2=" ">
   <subfield code="a">RDA ENRICHED</subfield>
  </datafield>
  <datafield tag="910" ind1=" " ind2=" ">
   <subfield code="a">MARS</subfield>
  </datafield>
  <datafield tag="945" ind1=" " ind2=" ">
   <subfield code="a">TB CD 232 Ehrman     </subfield>
   <subfield code="c">pt. 1 disc 1</subfield>
   <subfield code="g">1</subfield>
   <subfield code="i">31743304462151</subfield>
   <subfield code="l">mms  </subfield>
   <subfield code="o">-</subfield>
   <subfield code="p">$49.00</subfield>
   <subfield code="q">b</subfield>
   <subfield code="r">-</subfield>
   <subfield code="s">-  </subfield>
   <subfield code="t">32</subfield>
   <subfield code="u">47</subfield>
   <subfield code="v">23</subfield>
   <subfield code="w">1</subfield>
   <subfield code="x">0</subfield>
   <subfield code="y">.i18311386</subfield>
   <subfield code="z">05-06-09</subfield>
  </datafield>
  <datafield tag="945" ind1=" " ind2=" ">
   <subfield code="a">TB CD 232 Ehrman     </subfield>
   <subfield code="c">pt. 2 disc 7</subfield>
   <subfield code="g">1</subfield>
   <subfield code="i">31743304462169</subfield>
   <subfield code="l">mms  </subfield>
   <subfield code="o">-</subfield>
   <subfield code="p">$49.00</subfield>
   <subfield code="q">b</subfield>
   <subfield code="r">-</subfield>
   <subfield code="s">-  </subfield>
   <subfield code="t">32</subfield>
   <subfield code="u">39</subfield>
   <subfield code="v">17</subfield>
   <subfield code="w">2</subfield>
   <subfield code="x">0</subfield>
   <subfield code="y">.i18311398</subfield>
   <subfield code="z">05-06-09</subfield>
  </datafield>
 </record>