<record>
  <leader>01441nam a2200373 a 4500</leader>
  <controlfield tag="005">20150808051418.0</controlfield>
  <controlfield tag="008">911202s1992    nyu           000 0aeng  </controlfield>
  <datafield tag="010" ind1=" " ind2=" ">
   <subfield code="a">91045986</subfield>
  </datafield>
  <datafield tag="020" ind1=" " ind2=" ">
   <subfield code="a">0151970874</subfield>
  </datafield>
  <datafield tag="020" ind1=" " ind2=" ">
   <subfield code="a">0156970902</subfield>
   <subfield code="q">(pbk.) :</subfield>
   <subfield code="c">$6.95</subfield>
  </datafield>
  <datafield tag="040" ind1=" " ind2=" ">
   <subfield code="a">PDV</subfield>
   <subfield code="c">PDV</subfield>
   <subfield code="d">UtOrBLW</subfield>
  </datafield>
  <datafield tag="041" ind1="1" ind2=" ">
   <subfield code="a">eng</subfield>
   <subfield code="h">fre</subfield>
  </datafield>
  <datafield tag="043" ind1=" " ind2=" ">
   <subfield code="a">e-fr---</subfield>
  </datafield>
  <datafield tag="049" ind1=" " ind2=" ">
   <subfield code="a">PDV</subfield>
  </datafield>
  <datafield tag="092" ind1=" " ind2=" ">
   <subfield code="a">92</subfield>
   <subfield code="b">Saint-Exupery, Antoine de</subfield>
  </datafield>
  <datafield tag="100" ind1="1" ind2=" ">
   <subfield code="a">Saint-Exupery, Antoine de,</subfield>
   <subfield code="d">1900-1944.</subfield>
  </datafield>
  <datafield tag="240" ind1="1" ind2="0">
   <subfield code="a">Terre des hommes.</subfield>
   <subfield code="l">English.</subfield>
  </datafield>
  <datafield tag="245" ind1="1" ind2="0">
   <subfield code="a">Wind, sand, and stars /</subfield>
   <subfield code="c">Antoine de Saint-Exupery ; translated from the French by Lewis Galantiere.</subfield>
  </datafield>
  <datafield tag="264" ind1=" " ind2="1">
   <subfield code="a">New York :</subfield>
   <subfield code="b">Harcourt Brace Jovanovich,</subfield>
   <subfield code="c">[1992]</subfield>
  </datafield>
  <datafield tag="300" ind1=" " ind2=" ">
   <subfield code="a">229 pages ;</subfield>
   <subfield code="c">22 cm.</subfield>
  </datafield>
  <datafield tag="336" ind1=" " ind2=" ">
   <subfield code="a">text</subfield>
   <subfield code="b">txt</subfield>
   <subfield code="2">rdacontent.</subfield>
  </datafield>
  <datafield tag="337" ind1=" " ind2=" ">
   <subfield code="a">unmediated</subfield>
   <subfield code="b">n</subfield>
   <subfield code="2">rdamedia.</subfield>
  </datafield>
  <datafield tag="338" ind1=" " ind2=" ">
   <subfield code="a">volume</subfield>
   <subfield code="b">nc</subfield>
   <subfield code="2">rdacarrier.</subfield>
  </datafield>
  <datafield tag="500" ind1=" " ind2=" ">
   <subfield code="a">"A Harvest Book."</subfield>
  </datafield>
  <datafield tag="500" ind1=" " ind2=" ">
   <subfield code="a">Translation of: Terre des hommes.</subfield>
  </datafield>
  <datafield tag="600" ind1="1" ind2="0">
   <subfield code="a">Saint-Exupery, Antoine de,</subfield>
   <subfield code="d">1900-1944.</subfield>
  </datafield>
  <datafield tag="650" ind1=" " ind2="0">
   <subfield code="a">Authors, French</subfield>
   <subfield code="y">20th century</subfield>
   <subfield code="v">Biography.</subfield>
  </datafield>
  <datafield tag="650" ind1=" " ind2="0">
   <subfield code="a">Air pilots</subfield>
   <subfield code="z">France</subfield>
   <subfield code="v">Biography.</subfield>
  </datafield>
  <datafield tag="700" ind1="1" ind2=" ">
   <subfield code="a">Galantiere, Lewis,</subfield>
   <subfield code="d">1895-1977,</subfield>
   <subfield code="e">translator.</subfield>
  </datafield>
  <datafield tag="907" ind1=" " ind2=" ">
   <subfield code="a">.b12500501</subfield>
   <subfield code="b">08-15-24</subfield>
   <subfield code="c">05-06-09</subfield>
  </datafield>
  <datafield tag="998" ind1=" " ind2=" ">
   <subfield code="a">r</subfield>
   <subfield code="b">05-06-09</subfield>
   <subfield code="c">m</subfield>
   <subfield code="d">a  </subfield>
   <subfield code="e">-</subfield>
   <subfield code="f">eng</subfield>
   <subfield code="g">nyu</subfield>
   <subfield code="h">0</subfield>
   <subfield code="i">0</subfield>
  </datafield>
  <datafield tag="910" ind1=" " ind2=" ">
   <subfield code="a">RDA ENRICHED</subfield>
  </datafield>
  <datafield tag="910" ind1=" " ind2=" ">
   <subfield code="a">MARS</subfield>
  </datafield>
  <datafield tag="945" ind1=" " ind2=" ">
   <subfield code="a">92 Saint-Exupery, Antoine de</subfield>
   <subfield code="g">1</subfield>
   <subfield code="i">31743014068785</subfield>
   <subfield code="l">rms  </subfield>
   <subfield code="m">Wed Aug 21 2024 11:00AM: IN TRANSIT from tsall to rms  </subfield>
   <subfield code="o">-</subfield>
   <subfield code="p">$6.95</subfield>
   <subfield code="q">-</subfield>
   <subfield code="r">-</subfield>
   <subfield code="s">t  </subfield>
   <subfield code="t">2</subfield>
   <subfield code="u">26</subfield>
   <subfield code="v">18</subfield>
   <subfield code="w">1</subfield>
   <subfield code="x">1</subfield>
   <subfield code="y">.i18312330</subfield>
   <subfield code="z">05-07-09</subfield>
  </datafield>
 </record>