<record>
  <leader>03066nim a2200433 a 4500</leader>
  <controlfield tag="005">20150808051418.0</controlfield>
  <controlfield tag="007">sd fsnennmmned</controlfield>
  <controlfield tag="008">051003s2004    vaunnn   r     l    eng  </controlfield>
  <datafield tag="010" ind1=" " ind2=" ">
   <subfield code="a">2005583718</subfield>
  </datafield>
  <datafield tag="020" ind1=" " ind2=" ">
   <subfield code="a">1565859472</subfield>
  </datafield>
  <datafield tag="028" ind1="0" ind2="2">
   <subfield code="a">1600</subfield>
   <subfield code="b">Teaching Company</subfield>
  </datafield>
  <datafield tag="040" ind1=" " ind2=" ">
   <subfield code="a">DLC</subfield>
   <subfield code="c">DLC</subfield>
   <subfield code="d">UtOrBLW</subfield>
  </datafield>
  <datafield tag="049" ind1=" " ind2=" ">
   <subfield code="a">PDV</subfield>
  </datafield>
  <datafield tag="092" ind1=" " ind2=" ">
   <subfield code="a">TB CD 417</subfield>
   <subfield code="b">McWhorter</subfield>
  </datafield>
  <datafield tag="100" ind1="1" ind2=" ">
   <subfield code="a">McWhorter, John H.</subfield>
  </datafield>
  <datafield tag="245" ind1="1" ind2="4">
   <subfield code="a">The story of human language</subfield>
   <subfield code="h">[sound recording] /</subfield>
   <subfield code="c">John McWhorter.</subfield>
  </datafield>
  <datafield tag="264" ind1=" " ind2="1">
   <subfield code="a">Chantilly, VA :</subfield>
   <subfield code="b">Teaching Co.,</subfield>
   <subfield code="c">[2005]</subfield>
  </datafield>
  <datafield tag="300" ind1=" " ind2=" ">
   <subfield code="a">18 sound discs (18 hr.) :</subfield>
   <subfield code="b">digital ;</subfield>
   <subfield code="c">4 3/4 in. +</subfield>
   <subfield code="e">3 course guidebooks (22 cm)</subfield>
  </datafield>
  <datafield tag="306" ind1=" " ind2=" ">
   <subfield code="a">180000</subfield>
  </datafield>
  <datafield tag="336" ind1=" " ind2=" ">
   <subfield code="a">spoken word</subfield>
   <subfield code="b">spw</subfield>
   <subfield code="2">rdacontent</subfield>
  </datafield>
  <datafield tag="337" ind1=" " ind2=" ">
   <subfield code="a">audio</subfield>
   <subfield code="b">s</subfield>
   <subfield code="2">rdamedia</subfield>
  </datafield>
  <datafield tag="338" ind1=" " ind2=" ">
   <subfield code="a">audio disc</subfield>
   <subfield code="b">sd</subfield>
   <subfield code="2">rdacarrier</subfield>
  </datafield>
  <datafield tag="490" ind1="1" ind2=" ">
   <subfield code="a">The great courses</subfield>
  </datafield>
  <datafield tag="511" ind1="0" ind2=" ">
   <subfield code="a">Lecturer, John McWhorter, Manhattan Institute.</subfield>
  </datafield>
  <datafield tag="500" ind1=" " ind2=" ">
   <subfield code="a">Compact discs.</subfield>
  </datafield>
  <datafield tag="520" ind1=" " ind2=" ">
   <subfield code="a">Professor McWhorter delivers lectures tracing the origins and history of language.</subfield>
  </datafield>
  <datafield tag="505" ind1="0" ind2=" ">
   <subfield code="a">What is language? -- When language began -- How language changes-- sound change -- How language changes-- building new material -- How language changes-- meaning and order -- How language changes-- many directions -- How language changes-- modern English -- Language families-- Indo-European -- Language families-- tracing Indo-European -- Language families-- diversity of structures -- Language families-- clues to the past -- The case against the world's first language -- The case for the world's first language -- Dialects-- subspecies of species -- Dialects-- where do you draw the line? -- Dialects-- two tongues in one mouth -- Dialects-- the standard as token of the past -- Dialects-- spoken style, written style -- Dialects--the fallacy of blackboard grammar -- Language mixture--words -- Language mixture-- grammar -- Language mixture-- language areas -- Language develops beyond the call of duty -- Language interrupted -- A new perspective on the story of English -- Does culture drive language change? -- Language starts over-- Pidgins -- Language starts over-- Creoles I -- Language starts over-- Creoles II -- Language starts over-- signs of the new -- Language starts over-- the Creole continuum -- What is Black English? -- Language death-- the problem -- Language death-- prognosis -- Artificial languages -- Finale-- master class.</subfield>
  </datafield>
  <datafield tag="650" ind1=" " ind2="0">
   <subfield code="a">Language and languages.</subfield>
  </datafield>
  <datafield tag="650" ind1=" " ind2="0">
   <subfield code="a">Historical linguistics.</subfield>
  </datafield>
  <datafield tag="650" ind1=" " ind2="0">
   <subfield code="a">Audiobooks.</subfield>
  </datafield>
  <datafield tag="710" ind1="2" ind2=" ">
   <subfield code="a">Teaching Company.</subfield>
  </datafield>
  <datafield tag="830" ind1=" " ind2="0">
   <subfield code="a">Great courses (Compact disc)</subfield>
  </datafield>
  <datafield tag="907" ind1=" " ind2=" ">
   <subfield code="a">.b12500513</subfield>
   <subfield code="b">01-11-24</subfield>
   <subfield code="c">05-06-09</subfield>
  </datafield>
  <datafield tag="998" ind1=" " ind2=" ">
   <subfield code="a">r</subfield>
   <subfield code="b">05-06-09</subfield>
   <subfield code="c">m</subfield>
   <subfield code="d">z  </subfield>
   <subfield code="e">-</subfield>
   <subfield code="f">eng</subfield>
   <subfield code="g">vau</subfield>
   <subfield code="h">4</subfield>
   <subfield code="i">0</subfield>
  </datafield>
  <datafield tag="910" ind1=" " ind2=" ">
   <subfield code="a">RDA ENRICHED</subfield>
  </datafield>
  <datafield tag="910" ind1=" " ind2=" ">
   <subfield code="a">MARS</subfield>
  </datafield>
  <datafield tag="945" ind1=" " ind2=" ">
   <subfield code="a">TB CD 417 McWhorter     </subfield>
   <subfield code="c">pt.1</subfield>
   <subfield code="g">1</subfield>
   <subfield code="i">31743307762771</subfield>
   <subfield code="l">rco  </subfield>
   <subfield code="o">-</subfield>
   <subfield code="p">$49.00</subfield>
   <subfield code="q">b</subfield>
   <subfield code="r">-</subfield>
   <subfield code="s">-  </subfield>
   <subfield code="t">32</subfield>
   <subfield code="u">13</subfield>
   <subfield code="v">10</subfield>
   <subfield code="w">1</subfield>
   <subfield code="x">0</subfield>
   <subfield code="y">.i21455466</subfield>
   <subfield code="z">08-04-16</subfield>
  </datafield>
  <datafield tag="945" ind1=" " ind2=" ">
   <subfield code="a">TB CD 417 McWhorter     </subfield>
   <subfield code="c">pt.2</subfield>
   <subfield code="g">1</subfield>
   <subfield code="i">31743307762789</subfield>
   <subfield code="l">rco  </subfield>
   <subfield code="o">-</subfield>
   <subfield code="p">$49.00</subfield>
   <subfield code="q">b</subfield>
   <subfield code="r">-</subfield>
   <subfield code="s">-  </subfield>
   <subfield code="t">32</subfield>
   <subfield code="u">6</subfield>
   <subfield code="v">4</subfield>
   <subfield code="w">1</subfield>
   <subfield code="x">0</subfield>
   <subfield code="y">.i21455478</subfield>
   <subfield code="z">08-04-16</subfield>
  </datafield>
  <datafield tag="945" ind1=" " ind2=" ">
   <subfield code="a">TB CD 417 McWhorter     </subfield>
   <subfield code="c">pt.3</subfield>
   <subfield code="g">1</subfield>
   <subfield code="i">31743307762797</subfield>
   <subfield code="l">rco  </subfield>
   <subfield code="o">-</subfield>
   <subfield code="p">$49.00</subfield>
   <subfield code="q">b</subfield>
   <subfield code="r">-</subfield>
   <subfield code="s">-  </subfield>
   <subfield code="t">32</subfield>
   <subfield code="u">5</subfield>
   <subfield code="v">3</subfield>
   <subfield code="w">1</subfield>
   <subfield code="x">0</subfield>
   <subfield code="y">.i2145548x</subfield>
   <subfield code="z">08-04-16</subfield>
  </datafield>
 </record>