<record>
  <leader>02137cam a2200481Ia 4500</leader>
  <controlfield tag="005">20150808051419.0</controlfield>
  <controlfield tag="008">090302s2009    paua   e      000 1 eng d</controlfield>
  <datafield tag="010" ind1=" " ind2=" ">
   <subfield code="a">2008937609</subfield>
  </datafield>
  <datafield tag="020" ind1=" " ind2=" ">
   <subfield code="a">9781594743344 (pbk.) :</subfield>
   <subfield code="c">$12.95</subfield>
  </datafield>
  <datafield tag="020" ind1=" " ind2=" ">
   <subfield code="a">1594743347 (pbk.)</subfield>
  </datafield>
  <datafield tag="040" ind1=" " ind2=" ">
   <subfield code="a">UPZ</subfield>
   <subfield code="c">UPZ</subfield>
   <subfield code="d">WIQ</subfield>
   <subfield code="d">MR0</subfield>
   <subfield code="d">UtOrBLW</subfield>
  </datafield>
  <datafield tag="043" ind1=" " ind2=" ">
   <subfield code="a">e-uk-en</subfield>
  </datafield>
  <datafield tag="049" ind1=" " ind2=" ">
   <subfield code="a">PDV</subfield>
  </datafield>
  <datafield tag="092" ind1=" " ind2=" ">
   <subfield code="a">F</subfield>
   <subfield code="b">Grahame-Smith</subfield>
  </datafield>
  <datafield tag="100" ind1="1" ind2=" ">
   <subfield code="a">Grahame-Smith, Seth.</subfield>
  </datafield>
  <datafield tag="245" ind1="1" ind2="0">
   <subfield code="a">Pride and prejudice and zombies :</subfield>
   <subfield code="b">the classic Regency romance -- now with ultraviolent zombie mayhem /</subfield>
   <subfield code="c">by Jane Austen and Seth Grahame-Smith.</subfield>
  </datafield>
  <datafield tag="264" ind1=" " ind2="1">
   <subfield code="a">Philadelphia :</subfield>
   <subfield code="b">Quirk Books,</subfield>
   <subfield code="c">[2009]</subfield>
  </datafield>
  <datafield tag="264" ind1=" " ind2="2">
   <subfield code="a">San Francisco :</subfield>
   <subfield code="b">Distributed in North America by Chronicle Books.</subfield>
  </datafield>
  <datafield tag="264" ind1=" " ind2="4">
   <subfield code="c">c2009.</subfield>
  </datafield>
  <datafield tag="300" ind1=" " ind2=" ">
   <subfield code="a">319 pages :</subfield>
   <subfield code="b">illustrations ;</subfield>
   <subfield code="c">21 cm.</subfield>
  </datafield>
  <datafield tag="336" ind1=" " ind2=" ">
   <subfield code="a">text</subfield>
   <subfield code="b">txt</subfield>
   <subfield code="2">rdacontent.</subfield>
  </datafield>
  <datafield tag="337" ind1=" " ind2=" ">
   <subfield code="a">unmediated</subfield>
   <subfield code="b">n</subfield>
   <subfield code="2">rdamedia.</subfield>
  </datafield>
  <datafield tag="338" ind1=" " ind2=" ">
   <subfield code="a">volume</subfield>
   <subfield code="b">nc</subfield>
   <subfield code="2">rdacarrier.</subfield>
  </datafield>
  <datafield tag="500" ind1=" " ind2=" ">
   <subfield code="a">Includes discussion questions.</subfield>
  </datafield>
  <datafield tag="500" ind1=" " ind2=" ">
   <subfield code="a">Characters created by Jane Austen.</subfield>
  </datafield>
  <datafield tag="520" ind1=" " ind2=" ">
   <subfield code="a">A mysterious plague has fallen upon the quiet English village of Meryton--and the dead are returning to life! Feisty heroine Elizabeth Bennet is determined to wipe out the zombie menace, but she's soon distracted by the arrival of the haughty and arrogant Mr. Darcy.</subfield>
  </datafield>
  <datafield tag="650" ind1=" " ind2="0">
   <subfield code="a">Bennet, Elizabeth (Fictitious character)</subfield>
   <subfield code="v">Fiction.</subfield>
  </datafield>
  <datafield tag="650" ind1=" " ind2="0">
   <subfield code="a">Darcy, Fitzwilliam (Fictitious character)</subfield>
   <subfield code="v">Fiction.</subfield>
  </datafield>
  <datafield tag="650" ind1=" " ind2="0">
   <subfield code="a">Zombies</subfield>
   <subfield code="v">Fiction.</subfield>
  </datafield>
  <datafield tag="650" ind1=" " ind2="0">
   <subfield code="a">Parodies.</subfield>
  </datafield>
  <datafield tag="650" ind1=" " ind2="0">
   <subfield code="a">Young women</subfield>
   <subfield code="z">England</subfield>
   <subfield code="v">Fiction.</subfield>
  </datafield>
  <datafield tag="650" ind1=" " ind2="0">
   <subfield code="a">Social classes</subfield>
   <subfield code="z">England</subfield>
   <subfield code="v">Fiction.</subfield>
  </datafield>
  <datafield tag="650" ind1=" " ind2="0">
   <subfield code="a">Families</subfield>
   <subfield code="z">England</subfield>
   <subfield code="v">Fiction.</subfield>
  </datafield>
  <datafield tag="650" ind1=" " ind2="0">
   <subfield code="a">Sisters</subfield>
   <subfield code="v">Fiction.</subfield>
  </datafield>
  <datafield tag="650" ind1=" " ind2="0">
   <subfield code="a">Courtship</subfield>
   <subfield code="z">England</subfield>
   <subfield code="v">Fiction.</subfield>
  </datafield>
  <datafield tag="651" ind1=" " ind2="0">
   <subfield code="a">England</subfield>
   <subfield code="v">Fiction.</subfield>
  </datafield>
  <datafield tag="700" ind1="1" ind2=" ">
   <subfield code="a">Austen, Jane,</subfield>
   <subfield code="d">1775-1817.</subfield>
  </datafield>
  <datafield tag="907" ind1=" " ind2=" ">
   <subfield code="a">.b12500926</subfield>
   <subfield code="b">07-26-24</subfield>
   <subfield code="c">05-08-09</subfield>
  </datafield>
  <datafield tag="998" ind1=" " ind2=" ">
   <subfield code="a">m</subfield>
   <subfield code="a">a</subfield>
   <subfield code="b">05-08-09</subfield>
   <subfield code="c">m</subfield>
   <subfield code="d">a  </subfield>
   <subfield code="e">-</subfield>
   <subfield code="f">eng</subfield>
   <subfield code="g">pau</subfield>
   <subfield code="h">0</subfield>
   <subfield code="i">9</subfield>
  </datafield>
  <datafield tag="910" ind1=" " ind2=" ">
   <subfield code="a">RDA ENRICHED</subfield>
  </datafield>
  <datafield tag="910" ind1=" " ind2=" ">
   <subfield code="a">MARS</subfield>
  </datafield>
  <datafield tag="945" ind1=" " ind2=" ">
   <subfield code="a">F Grahame-Smith     </subfield>
   <subfield code="g">1</subfield>
   <subfield code="i">31743309267092</subfield>
   <subfield code="l">mms  </subfield>
   <subfield code="o">-</subfield>
   <subfield code="p">$14.95</subfield>
   <subfield code="q">-</subfield>
   <subfield code="r">-</subfield>
   <subfield code="s">-  </subfield>
   <subfield code="t">3</subfield>
   <subfield code="u">5</subfield>
   <subfield code="v">1</subfield>
   <subfield code="w">0</subfield>
   <subfield code="x">0</subfield>
   <subfield code="y">.i22820498</subfield>
   <subfield code="z">07-05-19</subfield>
  </datafield>
  <datafield tag="945" ind1=" " ind2=" ">
   <subfield code="a">F Grahame-Smith     </subfield>
   <subfield code="g">1</subfield>
   <subfield code="i">31743304463407</subfield>
   <subfield code="l">ams  </subfield>
   <subfield code="o">-</subfield>
   <subfield code="p">$12.95</subfield>
   <subfield code="q">-</subfield>
   <subfield code="r">-</subfield>
   <subfield code="s">-  </subfield>
   <subfield code="t">3</subfield>
   <subfield code="u">35</subfield>
   <subfield code="v">9</subfield>
   <subfield code="w">0</subfield>
   <subfield code="x">0</subfield>
   <subfield code="y">.i18314016</subfield>
   <subfield code="z">05-08-09</subfield>
  </datafield>
 </record>