<record>
  <leader>01577nim a2200349 a 4500</leader>
  <controlfield tag="005">20150808051420.0</controlfield>
  <controlfield tag="007">sd fungnnmmned</controlfield>
  <controlfield tag="008">090420s2009    nyu  n e            eng d</controlfield>
  <datafield tag="020" ind1=" " ind2=" ">
   <subfield code="a">9780143144809 :</subfield>
   <subfield code="c">$39.95</subfield>
  </datafield>
  <datafield tag="028" ind1="4" ind2="2">
   <subfield code="a">8058-CD</subfield>
   <subfield code="b">Books on Tape</subfield>
  </datafield>
  <datafield tag="040" ind1=" " ind2=" ">
   <subfield code="a">PDV</subfield>
   <subfield code="c">PDV</subfield>
   <subfield code="d">UtOrBLW</subfield>
  </datafield>
  <datafield tag="049" ind1=" " ind2=" ">
   <subfield code="a">PDV</subfield>
  </datafield>
  <datafield tag="092" ind1=" " ind2=" ">
   <subfield code="a">TB CD</subfield>
   <subfield code="b">Waters</subfield>
  </datafield>
  <datafield tag="100" ind1="1" ind2=" ">
   <subfield code="a">Waters, Sarah,</subfield>
   <subfield code="d">1966-</subfield>
  </datafield>
  <datafield tag="245" ind1="1" ind2="4">
   <subfield code="a">The little stranger</subfield>
   <subfield code="h">[sound recording] /</subfield>
   <subfield code="c">Sarah Waters.</subfield>
  </datafield>
  <datafield tag="250" ind1=" " ind2=" ">
   <subfield code="a">Unabridged.</subfield>
  </datafield>
  <datafield tag="264" ind1=" " ind2="1">
   <subfield code="a">New York :</subfield>
   <subfield code="b">Penguin Audio,</subfield>
   <subfield code="c">2009.</subfield>
  </datafield>
  <datafield tag="300" ind1=" " ind2=" ">
   <subfield code="a">13 sound discs (16 hr.) :</subfield>
   <subfield code="b">digital ;</subfield>
   <subfield code="c">4 3/4 in.</subfield>
  </datafield>
  <datafield tag="336" ind1=" " ind2=" ">
   <subfield code="a">spoken word</subfield>
   <subfield code="b">spw</subfield>
   <subfield code="2">rdacontent.</subfield>
  </datafield>
  <datafield tag="337" ind1=" " ind2=" ">
   <subfield code="a">audio</subfield>
   <subfield code="b">s</subfield>
   <subfield code="2">rdamedia.</subfield>
  </datafield>
  <datafield tag="338" ind1=" " ind2=" ">
   <subfield code="a">audio disc</subfield>
   <subfield code="b">sd</subfield>
   <subfield code="2">rdacarrier.</subfield>
  </datafield>
  <datafield tag="500" ind1=" " ind2=" ">
   <subfield code="a">Compact disc.</subfield>
  </datafield>
  <datafield tag="500" ind1=" " ind2=" ">
   <subfield code="a">Narrated by Simon Vance.</subfield>
  </datafield>
  <datafield tag="520" ind1=" " ind2=" ">
   <subfield code="a">Sunday Times Young Writer of the Year Award winner and London novelist Sarah Waters presents The Little Stranger, an eerie and thrilling tale set in post-World War II rural Britain. When Dr. Faraday, a Warwickshire physician, pays a visit to the Ayres family at their Hundreds Hall estate, he unknowingly enters a wickedly haunted house. His life soon becomes entwined with a family plagued by a terrifying past.</subfield>
  </datafield>
  <datafield tag="500" ind1=" " ind2=" ">
   <subfield code="a">In container (17 cm.).</subfield>
  </datafield>
  <datafield tag="650" ind1=" " ind2="0">
   <subfield code="a">Audiobooks.</subfield>
  </datafield>
  <datafield tag="700" ind1="1" ind2=" ">
   <subfield code="a">Vance, Simon.</subfield>
  </datafield>
  <datafield tag="907" ind1=" " ind2=" ">
   <subfield code="a">.b12500938</subfield>
   <subfield code="b">11-30-24</subfield>
   <subfield code="c">05-08-09</subfield>
  </datafield>
  <datafield tag="998" ind1=" " ind2=" ">
   <subfield code="a">l</subfield>
   <subfield code="b">04-30-09</subfield>
   <subfield code="c">m</subfield>
   <subfield code="d">z  </subfield>
   <subfield code="e">-</subfield>
   <subfield code="f">eng</subfield>
   <subfield code="g">nyu</subfield>
   <subfield code="h">4</subfield>
   <subfield code="i">0</subfield>
  </datafield>
  <datafield tag="910" ind1=" " ind2=" ">
   <subfield code="a">RDA ENRICHED</subfield>
  </datafield>
  <datafield tag="910" ind1=" " ind2=" ">
   <subfield code="a">MARS</subfield>
  </datafield>
  <datafield tag="945" ind1=" " ind2=" ">
   <subfield code="a">TB CD Waters     </subfield>
   <subfield code="g">1</subfield>
   <subfield code="i">31743304271065</subfield>
   <subfield code="l">lms  </subfield>
   <subfield code="n">cleaned 10/15---tech services</subfield>
   <subfield code="o">-</subfield>
   <subfield code="p">$39.95</subfield>
   <subfield code="q">b</subfield>
   <subfield code="r">-</subfield>
   <subfield code="s">!  </subfield>
   <subfield code="t">32</subfield>
   <subfield code="u">38</subfield>
   <subfield code="v">8</subfield>
   <subfield code="w">0</subfield>
   <subfield code="x">0</subfield>
   <subfield code="y">.i18314132</subfield>
   <subfield code="z">05-08-09</subfield>
  </datafield>
 </record>