<record>
  <leader>01635cam a22003738a 4500</leader>
  <controlfield tag="001">ocn294887414</controlfield>
  <controlfield tag="005">20150808051421.0</controlfield>
  <controlfield tag="008">090223s2009    nyu           000 1 eng  </controlfield>
  <datafield tag="010" ind1=" " ind2=" ">
   <subfield code="a">2009007935</subfield>
  </datafield>
  <datafield tag="020" ind1=" " ind2=" ">
   <subfield code="a">9780312565626 :</subfield>
   <subfield code="c">$24.99</subfield>
  </datafield>
  <datafield tag="020" ind1=" " ind2=" ">
   <subfield code="a">0312565623</subfield>
  </datafield>
  <datafield tag="040" ind1=" " ind2=" ">
   <subfield code="a">DLC</subfield>
   <subfield code="c">DLC</subfield>
   <subfield code="d">BTCTA</subfield>
   <subfield code="d">YDXCP</subfield>
   <subfield code="d">UPZ</subfield>
   <subfield code="d">UtOrBLW</subfield>
  </datafield>
  <datafield tag="043" ind1=" " ind2=" ">
   <subfield code="a">e-uk---</subfield>
  </datafield>
  <datafield tag="049" ind1=" " ind2=" ">
   <subfield code="a">PDV</subfield>
  </datafield>
  <datafield tag="092" ind1=" " ind2=" ">
   <subfield code="a">M</subfield>
   <subfield code="b">Doherty</subfield>
  </datafield>
  <datafield tag="100" ind1="1" ind2=" ">
   <subfield code="a">Doherty, P. C.</subfield>
  </datafield>
  <datafield tag="245" ind1="1" ind2="4">
   <subfield code="a">The magician's death :</subfield>
   <subfield code="b">a Hugh Corbett medieval mystery /</subfield>
   <subfield code="c">P.C. Doherty.</subfield>
  </datafield>
  <datafield tag="250" ind1=" " ind2=" ">
   <subfield code="a">1st U.S. ed.</subfield>
  </datafield>
  <datafield tag="264" ind1=" " ind2="1">
   <subfield code="a">New York :</subfield>
   <subfield code="b">Minotaur Books,</subfield>
   <subfield code="c">2009.</subfield>
  </datafield>
  <datafield tag="300" ind1=" " ind2=" ">
   <subfield code="a">280 pages :</subfield>
   <subfield code="b">illustrations ;</subfield>
   <subfield code="c">22 cm</subfield>
  </datafield>
  <datafield tag="336" ind1=" " ind2=" ">
   <subfield code="a">text</subfield>
   <subfield code="b">txt</subfield>
   <subfield code="2">rdacontent</subfield>
  </datafield>
  <datafield tag="337" ind1=" " ind2=" ">
   <subfield code="a">unmediated</subfield>
   <subfield code="b">n</subfield>
   <subfield code="2">rdamedia</subfield>
  </datafield>
  <datafield tag="338" ind1=" " ind2=" ">
   <subfield code="a">volume</subfield>
   <subfield code="b">nc</subfield>
   <subfield code="2">rdacarrier</subfield>
  </datafield>
  <datafield tag="520" ind1=" " ind2=" ">
   <subfield code="a">Scholars convene at Corfe Castle to crack the code of Roger Bacon's Book of Secrets. When murder and mayhem ensue, Sir Hugh Corbett must thread through a maze of mystery while trying to unlock Bacon's great secrets.</subfield>
  </datafield>
  <datafield tag="650" ind1=" " ind2="0">
   <subfield code="a">Corbett, Hugh (Fictitious character)</subfield>
   <subfield code="v">Fiction.</subfield>
  </datafield>
  <datafield tag="651" ind1=" " ind2="0">
   <subfield code="a">Great Britain</subfield>
   <subfield code="x">History</subfield>
   <subfield code="y">Edward I, 1272-1307</subfield>
   <subfield code="v">Fiction.</subfield>
  </datafield>
  <datafield tag="655" ind1=" " ind2="7">
   <subfield code="a">Mystery fiction.</subfield>
   <subfield code="2">gsafd</subfield>
  </datafield>
  <datafield tag="907" ind1=" " ind2=" ">
   <subfield code="a">.b12501256</subfield>
   <subfield code="b">08-11-22</subfield>
   <subfield code="c">05-13-09</subfield>
  </datafield>
  <datafield tag="998" ind1=" " ind2=" ">
   <subfield code="a">m</subfield>
   <subfield code="a">c</subfield>
   <subfield code="a">r</subfield>
   <subfield code="b">07-06-09</subfield>
   <subfield code="c">m</subfield>
   <subfield code="d">a  </subfield>
   <subfield code="e">-</subfield>
   <subfield code="f">eng</subfield>
   <subfield code="g">nyu</subfield>
   <subfield code="h">4</subfield>
   <subfield code="i">8</subfield>
  </datafield>
  <datafield tag="910" ind1=" " ind2=" ">
   <subfield code="a">RDA ENRICHED</subfield>
  </datafield>
  <datafield tag="910" ind1=" " ind2=" ">
   <subfield code="a">MARS</subfield>
  </datafield>
  <datafield tag="945" ind1=" " ind2=" ">
   <subfield code="a">M Doherty     </subfield>
   <subfield code="g">1</subfield>
   <subfield code="i">31743304413501</subfield>
   <subfield code="l">mms  </subfield>
   <subfield code="o">-</subfield>
   <subfield code="p">$24.99</subfield>
   <subfield code="q">-</subfield>
   <subfield code="r">-</subfield>
   <subfield code="s">-  </subfield>
   <subfield code="t">4</subfield>
   <subfield code="u">21</subfield>
   <subfield code="v">3</subfield>
   <subfield code="w">0</subfield>
   <subfield code="x">0</subfield>
   <subfield code="y">.i18355298</subfield>
   <subfield code="z">07-06-09</subfield>
  </datafield>
  <datafield tag="945" ind1=" " ind2=" ">
   <subfield code="a">M Doherty     </subfield>
   <subfield code="g">1</subfield>
   <subfield code="i">31743304413535</subfield>
   <subfield code="l">cms  </subfield>
   <subfield code="o">-</subfield>
   <subfield code="p">$24.99</subfield>
   <subfield code="q">-</subfield>
   <subfield code="r">-</subfield>
   <subfield code="s">-  </subfield>
   <subfield code="t">4</subfield>
   <subfield code="u">38</subfield>
   <subfield code="v">7</subfield>
   <subfield code="w">0</subfield>
   <subfield code="x">1</subfield>
   <subfield code="y">.i18355328</subfield>
   <subfield code="z">07-06-09</subfield>
  </datafield>
  <datafield tag="945" ind1=" " ind2=" ">
   <subfield code="a">M Doherty     </subfield>
   <subfield code="g">1</subfield>
   <subfield code="i">31743304413576</subfield>
   <subfield code="l">rms  </subfield>
   <subfield code="o">-</subfield>
   <subfield code="p">$24.99</subfield>
   <subfield code="q">-</subfield>
   <subfield code="r">-</subfield>
   <subfield code="s">-  </subfield>
   <subfield code="t">4</subfield>
   <subfield code="u">52</subfield>
   <subfield code="v">10</subfield>
   <subfield code="w">1</subfield>
   <subfield code="x">0</subfield>
   <subfield code="y">.i18355365</subfield>
   <subfield code="z">07-06-09</subfield>
  </datafield>
 </record>