<record>
  <leader>01677cam a22003378a 4500</leader>
  <controlfield tag="001">ocn317766775</controlfield>
  <controlfield tag="005">20150808051421.0</controlfield>
  <controlfield tag="008">090525s2009    nyu    e      000 1 eng  </controlfield>
  <datafield tag="010" ind1=" " ind2=" ">
   <subfield code="a">2009021189</subfield>
  </datafield>
  <datafield tag="020" ind1=" " ind2=" ">
   <subfield code="a">9780345501578 (alk. paper) :</subfield>
   <subfield code="c">$26.00</subfield>
  </datafield>
  <datafield tag="020" ind1=" " ind2=" ">
   <subfield code="a">0345501578 (alk. paper)</subfield>
  </datafield>
  <datafield tag="040" ind1=" " ind2=" ">
   <subfield code="a">DLC</subfield>
   <subfield code="c">DLC</subfield>
   <subfield code="d">BRL</subfield>
   <subfield code="d">YDXCP</subfield>
   <subfield code="d">BTCTA</subfield>
   <subfield code="d">UPZ</subfield>
   <subfield code="d">ABG</subfield>
   <subfield code="d">IH9</subfield>
   <subfield code="d">CXP</subfield>
   <subfield code="d">UtOrBLW</subfield>
  </datafield>
  <datafield tag="049" ind1=" " ind2=" ">
   <subfield code="a">PDV</subfield>
  </datafield>
  <datafield tag="092" ind1=" " ind2=" ">
   <subfield code="a">F</subfield>
   <subfield code="b">Brockmann</subfield>
  </datafield>
  <datafield tag="100" ind1="1" ind2=" ">
   <subfield code="a">Brockmann, Suzanne.</subfield>
  </datafield>
  <datafield tag="245" ind1="1" ind2="0">
   <subfield code="a">Hot pursuit :</subfield>
   <subfield code="b">a novel /</subfield>
   <subfield code="c">Suzanne Brockmann.</subfield>
  </datafield>
  <datafield tag="250" ind1=" " ind2=" ">
   <subfield code="a">1st ed.</subfield>
  </datafield>
  <datafield tag="264" ind1=" " ind2="1">
   <subfield code="a">New York :</subfield>
   <subfield code="b">Ballantine Books,</subfield>
   <subfield code="c">2009.</subfield>
  </datafield>
  <datafield tag="300" ind1=" " ind2=" ">
   <subfield code="a">403 pages ;</subfield>
   <subfield code="c">25 cm</subfield>
  </datafield>
  <datafield tag="336" ind1=" " ind2=" ">
   <subfield code="a">text</subfield>
   <subfield code="b">txt</subfield>
   <subfield code="2">rdacontent</subfield>
  </datafield>
  <datafield tag="337" ind1=" " ind2=" ">
   <subfield code="a">unmediated</subfield>
   <subfield code="b">n</subfield>
   <subfield code="2">rdamedia</subfield>
  </datafield>
  <datafield tag="338" ind1=" " ind2=" ">
   <subfield code="a">volume</subfield>
   <subfield code="b">nc</subfield>
   <subfield code="2">rdacarrier</subfield>
  </datafield>
  <datafield tag="520" ind1=" " ind2=" ">
   <subfield code="a">After a political controversy generates a blizzard of hate mail and death threats, Alyssa Locke mobilizes her squad of moonlighting Navy SEALs (a.k.a. Troubleshooters, Inc.) in New York City.  Then the dead bodies are discovered and, while investigating a suspect, Alyssa is ambushed and suddenly finds herself imprisoned by The Dentist, a serial killer she's been after for years. Will her Troubleshooter teammates, led by her beloved Sam, reach her before it's too late?</subfield>
  </datafield>
  <datafield tag="650" ind1=" " ind2="0">
   <subfield code="a">Government investigators</subfield>
   <subfield code="v">Fiction.</subfield>
  </datafield>
  <datafield tag="650" ind1=" " ind2="0">
   <subfield code="a">Serial murderers</subfield>
   <subfield code="v">Fiction.</subfield>
  </datafield>
  <datafield tag="907" ind1=" " ind2=" ">
   <subfield code="a">.b12501293</subfield>
   <subfield code="b">08-11-22</subfield>
   <subfield code="c">05-13-09</subfield>
  </datafield>
  <datafield tag="998" ind1=" " ind2=" ">
   <subfield code="a">c</subfield>
   <subfield code="a">l</subfield>
   <subfield code="b">07-29-09</subfield>
   <subfield code="c">m</subfield>
   <subfield code="d">a  </subfield>
   <subfield code="e">-</subfield>
   <subfield code="f">eng</subfield>
   <subfield code="g">nyu</subfield>
   <subfield code="h">0</subfield>
   <subfield code="i">6</subfield>
  </datafield>
  <datafield tag="910" ind1=" " ind2=" ">
   <subfield code="a">RDA ENRICHED</subfield>
  </datafield>
  <datafield tag="910" ind1=" " ind2=" ">
   <subfield code="a">MARS</subfield>
  </datafield>
  <datafield tag="945" ind1=" " ind2=" ">
   <subfield code="a">F Brockmann     </subfield>
   <subfield code="g">1</subfield>
   <subfield code="i">31743304337064</subfield>
   <subfield code="l">cms  </subfield>
   <subfield code="o">-</subfield>
   <subfield code="p">$26.00</subfield>
   <subfield code="q">-</subfield>
   <subfield code="r">-</subfield>
   <subfield code="s">-  </subfield>
   <subfield code="t">3</subfield>
   <subfield code="u">35</subfield>
   <subfield code="v">4</subfield>
   <subfield code="w">0</subfield>
   <subfield code="x">0</subfield>
   <subfield code="y">.i18376459</subfield>
   <subfield code="z">07-29-09</subfield>
  </datafield>
  <datafield tag="945" ind1=" " ind2=" ">
   <subfield code="a">F Brockmann     </subfield>
   <subfield code="g">1</subfield>
   <subfield code="i">31743304337072</subfield>
   <subfield code="l">lms  </subfield>
   <subfield code="o">-</subfield>
   <subfield code="p">$26.00</subfield>
   <subfield code="q">-</subfield>
   <subfield code="r">-</subfield>
   <subfield code="s">-  </subfield>
   <subfield code="t">3</subfield>
   <subfield code="u">26</subfield>
   <subfield code="v">5</subfield>
   <subfield code="w">0</subfield>
   <subfield code="x">0</subfield>
   <subfield code="y">.i18376460</subfield>
   <subfield code="z">07-29-09</subfield>
  </datafield>
 </record>