<record>
  <leader>01358cam a22003258a 4500</leader>
  <controlfield tag="001">ocn243544967</controlfield>
  <controlfield tag="005">20150808051421.0</controlfield>
  <controlfield tag="008">081112s2007    nyu    e      000 1 eng  </controlfield>
  <datafield tag="010" ind1=" " ind2=" ">
   <subfield code="a">2008048921</subfield>
  </datafield>
  <datafield tag="020" ind1=" " ind2=" ">
   <subfield code="a">9780312539665 :</subfield>
   <subfield code="c">$24.95</subfield>
  </datafield>
  <datafield tag="020" ind1=" " ind2=" ">
   <subfield code="a">0312539665</subfield>
  </datafield>
  <datafield tag="040" ind1=" " ind2=" ">
   <subfield code="a">DLC</subfield>
   <subfield code="c">DLC</subfield>
   <subfield code="d">BTCTA</subfield>
   <subfield code="d">BAKER</subfield>
   <subfield code="d">YDXCP</subfield>
   <subfield code="d">UPZ</subfield>
   <subfield code="d">WIQ</subfield>
   <subfield code="d">UtOrBLW</subfield>
  </datafield>
  <datafield tag="049" ind1=" " ind2=" ">
   <subfield code="a">PDV</subfield>
  </datafield>
  <datafield tag="092" ind1=" " ind2=" ">
   <subfield code="a">F</subfield>
   <subfield code="b">Morgan</subfield>
  </datafield>
  <datafield tag="100" ind1="1" ind2=" ">
   <subfield code="a">Morgan, Jude,</subfield>
   <subfield code="d">1962-</subfield>
  </datafield>
  <datafield tag="245" ind1="1" ind2="3">
   <subfield code="a">An accomplished woman /</subfield>
   <subfield code="c">Jude Morgan.</subfield>
  </datafield>
  <datafield tag="250" ind1=" " ind2=" ">
   <subfield code="a">1st U.S. ed.</subfield>
  </datafield>
  <datafield tag="264" ind1=" " ind2="1">
   <subfield code="a">New York :</subfield>
   <subfield code="b">St. Martin's Press,</subfield>
   <subfield code="c">2007.</subfield>
  </datafield>
  <datafield tag="300" ind1=" " ind2=" ">
   <subfield code="a">407 pages ;</subfield>
   <subfield code="c">22 cm</subfield>
  </datafield>
  <datafield tag="336" ind1=" " ind2=" ">
   <subfield code="a">text</subfield>
   <subfield code="b">txt</subfield>
   <subfield code="2">rdacontent</subfield>
  </datafield>
  <datafield tag="337" ind1=" " ind2=" ">
   <subfield code="a">unmediated</subfield>
   <subfield code="b">n</subfield>
   <subfield code="2">rdamedia</subfield>
  </datafield>
  <datafield tag="338" ind1=" " ind2=" ">
   <subfield code="a">volume</subfield>
   <subfield code="b">nc</subfield>
   <subfield code="2">rdacarrier</subfield>
  </datafield>
  <datafield tag="520" ind1=" " ind2=" ">
   <subfield code="a">In this Regency comedy of manners self-reliant Lydia Templeton rejects the county's most eligible bachelor but years later, when her ward proves surprisingly tricky to manage, discovers that her own spinster's heart may not be the closed book she thought it was.</subfield>
  </datafield>
  <datafield tag="651" ind1=" " ind2="0">
   <subfield code="a">Great Britain</subfield>
   <subfield code="x">History</subfield>
   <subfield code="y">George III, 1760-1820</subfield>
   <subfield code="v">Fiction.</subfield>
  </datafield>
  <datafield tag="651" ind1=" " ind2="0">
   <subfield code="a">England</subfield>
   <subfield code="x">Social life and customs</subfield>
   <subfield code="y">18th century</subfield>
   <subfield code="v">Fiction.</subfield>
  </datafield>
  <datafield tag="907" ind1=" " ind2=" ">
   <subfield code="a">.b12501475</subfield>
   <subfield code="b">08-11-22</subfield>
   <subfield code="c">05-15-09</subfield>
  </datafield>
  <datafield tag="998" ind1=" " ind2=" ">
   <subfield code="a">m</subfield>
   <subfield code="b">06-05-09</subfield>
   <subfield code="c">m</subfield>
   <subfield code="d">a  </subfield>
   <subfield code="e">-</subfield>
   <subfield code="f">eng</subfield>
   <subfield code="g">nyu</subfield>
   <subfield code="h">3</subfield>
   <subfield code="i">4</subfield>
  </datafield>
  <datafield tag="910" ind1=" " ind2=" ">
   <subfield code="a">RDA ENRICHED</subfield>
  </datafield>
  <datafield tag="910" ind1=" " ind2=" ">
   <subfield code="a">MARS</subfield>
  </datafield>
  <datafield tag="945" ind1=" " ind2=" ">
   <subfield code="a">F Morgan     </subfield>
   <subfield code="g">1</subfield>
   <subfield code="i">31743304467796</subfield>
   <subfield code="l">mms  </subfield>
   <subfield code="o">-</subfield>
   <subfield code="p">$24.95</subfield>
   <subfield code="q">-</subfield>
   <subfield code="r">-</subfield>
   <subfield code="s">-  </subfield>
   <subfield code="t">3</subfield>
   <subfield code="u">39</subfield>
   <subfield code="v">11</subfield>
   <subfield code="w">0</subfield>
   <subfield code="x">0</subfield>
   <subfield code="y">.i1833359x</subfield>
   <subfield code="z">06-05-09</subfield>
  </datafield>
 </record>