<record>
  <leader>01530cam a2200313Ia 4500</leader>
  <controlfield tag="001">ocn308172862</controlfield>
  <controlfield tag="005">20150808051422.0</controlfield>
  <controlfield tag="008">090211s2009    nyu           000 0 eng d</controlfield>
  <datafield tag="010" ind1=" " ind2=" ">
   <subfield code="a">2009922927</subfield>
  </datafield>
  <datafield tag="020" ind1=" " ind2=" ">
   <subfield code="a">9780307272867 :</subfield>
   <subfield code="c">$25.00</subfield>
  </datafield>
  <datafield tag="020" ind1=" " ind2=" ">
   <subfield code="a">0307272869</subfield>
  </datafield>
  <datafield tag="040" ind1=" " ind2=" ">
   <subfield code="a">BTCTA</subfield>
   <subfield code="c">BTCTA</subfield>
   <subfield code="d">YDXCP</subfield>
   <subfield code="d">BKL</subfield>
   <subfield code="d">BWX</subfield>
   <subfield code="d">OCLCQ</subfield>
   <subfield code="d">CXP</subfield>
   <subfield code="d">BUR</subfield>
   <subfield code="d">UtOrBLW</subfield>
  </datafield>
  <datafield tag="049" ind1=" " ind2=" ">
   <subfield code="a">PDV</subfield>
  </datafield>
  <datafield tag="092" ind1=" " ind2=" ">
   <subfield code="a">811.54</subfield>
   <subfield code="b">Updike</subfield>
  </datafield>
  <datafield tag="100" ind1="1" ind2=" ">
   <subfield code="a">Updike, John.</subfield>
  </datafield>
  <datafield tag="245" ind1="1" ind2="0">
   <subfield code="a">Endpoint and other poems /</subfield>
   <subfield code="c">John Updike.</subfield>
  </datafield>
  <datafield tag="250" ind1=" " ind2=" ">
   <subfield code="a">1st ed.</subfield>
  </datafield>
  <datafield tag="264" ind1=" " ind2="1">
   <subfield code="a">New York :</subfield>
   <subfield code="b">Alfred A. Knopf,</subfield>
   <subfield code="c">2009.</subfield>
  </datafield>
  <datafield tag="300" ind1=" " ind2=" ">
   <subfield code="a">xi, 97 pages ;</subfield>
   <subfield code="c">21 cm</subfield>
  </datafield>
  <datafield tag="336" ind1=" " ind2=" ">
   <subfield code="a">text</subfield>
   <subfield code="b">txt</subfield>
   <subfield code="2">rdacontent</subfield>
  </datafield>
  <datafield tag="337" ind1=" " ind2=" ">
   <subfield code="a">unmediated</subfield>
   <subfield code="b">n</subfield>
   <subfield code="2">rdamedia</subfield>
  </datafield>
  <datafield tag="338" ind1=" " ind2=" ">
   <subfield code="a">volume</subfield>
   <subfield code="b">nc</subfield>
   <subfield code="2">rdacarrier</subfield>
  </datafield>
  <datafield tag="520" ind1=" " ind2=" ">
   <subfield code="a">A collection of poems that Updike wrote during the last seven years of his life and put together only weeks before he died for this, his final book. The opening sequence, "Endpoint," is made up of a series of connected poems written on the occasions of his recent birthdays and culminates in his confrontation with his final illness. For Updike, the writing of poetry was always a special joy, and this final collection is an eloquent and moving testament to the life of this extraordinary writer.--From publisher description.</subfield>
  </datafield>
  <datafield tag="650" ind1=" " ind2="0">
   <subfield code="a">American poetry</subfield>
   <subfield code="y">20th century.</subfield>
  </datafield>
  <datafield tag="907" ind1=" " ind2=" ">
   <subfield code="a">.b12501554</subfield>
   <subfield code="b">08-11-22</subfield>
   <subfield code="c">05-15-09</subfield>
  </datafield>
  <datafield tag="998" ind1=" " ind2=" ">
   <subfield code="a">r</subfield>
   <subfield code="b">06-04-09</subfield>
   <subfield code="c">m</subfield>
   <subfield code="d">a  </subfield>
   <subfield code="e">-</subfield>
   <subfield code="f">eng</subfield>
   <subfield code="g">nyu</subfield>
   <subfield code="h">0</subfield>
   <subfield code="i">0</subfield>
  </datafield>
  <datafield tag="910" ind1=" " ind2=" ">
   <subfield code="a">RDA ENRICHED</subfield>
  </datafield>
  <datafield tag="910" ind1=" " ind2=" ">
   <subfield code="a">MARS</subfield>
  </datafield>
  <datafield tag="945" ind1=" " ind2=" ">
   <subfield code="a">811.54 Updike     </subfield>
   <subfield code="g">1</subfield>
   <subfield code="i">31743304467309</subfield>
   <subfield code="l">rms  </subfield>
   <subfield code="o">-</subfield>
   <subfield code="p">$25.00</subfield>
   <subfield code="q">-</subfield>
   <subfield code="r">-</subfield>
   <subfield code="s">-  </subfield>
   <subfield code="t">2</subfield>
   <subfield code="u">9</subfield>
   <subfield code="v">3</subfield>
   <subfield code="w">0</subfield>
   <subfield code="x">0</subfield>
   <subfield code="y">.i18332663</subfield>
   <subfield code="z">06-05-09</subfield>
  </datafield>
 </record>