<record>
  <leader>02566cam a2200517 a 4500</leader>
  <controlfield tag="001">ocm08075324</controlfield>
  <controlfield tag="005">20150808051422.0</controlfield>
  <controlfield tag="008">090406s2009    nyu           000 0 eng  </controlfield>
  <datafield tag="010" ind1=" " ind2=" ">
   <subfield code="a">2009014053</subfield>
  </datafield>
  <datafield tag="020" ind1=" " ind2=" ">
   <subfield code="a">9780307269980 (alk. paper) :</subfield>
   <subfield code="c">$25.95</subfield>
  </datafield>
  <datafield tag="020" ind1=" " ind2=" ">
   <subfield code="a">0307269981 (alk. paper)</subfield>
  </datafield>
  <datafield tag="040" ind1=" " ind2=" ">
   <subfield code="a">DLC</subfield>
   <subfield code="c">DLC</subfield>
   <subfield code="d">IG#</subfield>
   <subfield code="d">BTCTA</subfield>
   <subfield code="d">YDXCP</subfield>
   <subfield code="d">UPZ</subfield>
   <subfield code="d">EINCP</subfield>
   <subfield code="d">UtOrBLW</subfield>
  </datafield>
  <datafield tag="041" ind1="1" ind2=" ">
   <subfield code="a">eng</subfield>
   <subfield code="h">swe</subfield>
  </datafield>
  <datafield tag="049" ind1=" " ind2=" ">
   <subfield code="a">PDV</subfield>
  </datafield>
  <datafield tag="092" ind1=" " ind2=" ">
   <subfield code="a">M</subfield>
   <subfield code="b">Larsson</subfield>
  </datafield>
  <datafield tag="100" ind1="1" ind2=" ">
   <subfield code="a">Larsson, Stieg,</subfield>
   <subfield code="d">1954-2004.</subfield>
  </datafield>
  <datafield tag="240" ind1="1" ind2="0">
   <subfield code="a">Flickan som lekte med elden.</subfield>
   <subfield code="l">English.</subfield>
  </datafield>
  <datafield tag="245" ind1="1" ind2="4">
   <subfield code="a">The girl who played with fire /</subfield>
   <subfield code="c">Stieg Larsson ; translated from the Swedish by Reg Keeland.</subfield>
  </datafield>
  <datafield tag="250" ind1=" " ind2=" ">
   <subfield code="a">1st U.S. ed.</subfield>
  </datafield>
  <datafield tag="264" ind1=" " ind2="1">
   <subfield code="a">New York :</subfield>
   <subfield code="b">Alfred A. Knopf,</subfield>
   <subfield code="c">2009.</subfield>
  </datafield>
  <datafield tag="300" ind1=" " ind2=" ">
   <subfield code="a">503 pages ;</subfield>
   <subfield code="c">25 cm.</subfield>
  </datafield>
  <datafield tag="336" ind1=" " ind2=" ">
   <subfield code="a">text</subfield>
   <subfield code="b">txt</subfield>
   <subfield code="2">rdacontent.</subfield>
  </datafield>
  <datafield tag="337" ind1=" " ind2=" ">
   <subfield code="a">unmediated</subfield>
   <subfield code="b">n</subfield>
   <subfield code="2">rdamedia.</subfield>
  </datafield>
  <datafield tag="338" ind1=" " ind2=" ">
   <subfield code="a">volume</subfield>
   <subfield code="b">nc</subfield>
   <subfield code="2">rdacarrier.</subfield>
  </datafield>
  <datafield tag="440" ind1=" " ind2="0">
   <subfield code="a">Millennium series ;</subfield>
   <subfield code="v">bk. 2.</subfield>
  </datafield>
  <datafield tag="500" ind1=" " ind2=" ">
   <subfield code="a">Originally published: Stockholm : Norstedts, 2006.</subfield>
  </datafield>
  <datafield tag="500" ind1=" " ind2=" ">
   <subfield code="a">"A Borzoi book"--Title page verso.</subfield>
  </datafield>
  <datafield tag="520" ind1=" " ind2=" ">
   <subfield code="a">On the eve of publisher Mikael Blomkvist's story about sex trafficking between Eastern Europe and Sweden, two investigating reporters are murdered. And even more shocking for Mikael Blomkvist: the fingerprints found on the murder weapon belong to Lisbeth Salander--the troubled, wise-beyond-her-years genius hacker who came to his aid years before.</subfield>
  </datafield>
  <datafield tag="500" ind1=" " ind2=" ">
   <subfield code="a">Sequel to The girl with the dragon tattoo.</subfield>
  </datafield>
  <datafield tag="600" ind1=" " ind2="0">
   <subfield code="a">Salander, Lisbeth</subfield>
   <subfield code="c">(Fictitious character)</subfield>
   <subfield code="v">Fiction.</subfield>
  </datafield>
  <datafield tag="650" ind1=" " ind2="0">
   <subfield code="a">Human trafficking</subfield>
   <subfield code="v">Fiction.</subfield>
  </datafield>
  <datafield tag="650" ind1=" " ind2="0">
   <subfield code="a">Journalists</subfield>
   <subfield code="z">Sweden</subfield>
   <subfield code="z">Stockholm</subfield>
   <subfield code="v">Fiction.</subfield>
  </datafield>
  <datafield tag="650" ind1=" " ind2="0">
   <subfield code="a">Hackers</subfield>
   <subfield code="z">Sweden</subfield>
   <subfield code="z">Stockholm</subfield>
   <subfield code="v">Fiction.</subfield>
  </datafield>
  <datafield tag="650" ind1=" " ind2="0">
   <subfield code="a">Murder</subfield>
   <subfield code="x">Investigation</subfield>
   <subfield code="v">Fiction.</subfield>
  </datafield>
  <datafield tag="651" ind1=" " ind2="0">
   <subfield code="a">Stockholm (Sweden)</subfield>
   <subfield code="v">Fiction.</subfield>
  </datafield>
  <datafield tag="655" ind1=" " ind2="7">
   <subfield code="a">Mystery fiction.</subfield>
   <subfield code="2">gsafd.</subfield>
  </datafield>
  <datafield tag="700" ind1="1" ind2=" ">
   <subfield code="a">Keeland, Reg,</subfield>
   <subfield code="d">1943-</subfield>
  </datafield>
  <datafield tag="907" ind1=" " ind2=" ">
   <subfield code="a">.b12501591</subfield>
   <subfield code="b">12-02-24</subfield>
   <subfield code="c">05-15-09</subfield>
  </datafield>
  <datafield tag="998" ind1=" " ind2=" ">
   <subfield code="a">m</subfield>
   <subfield code="a">c</subfield>
   <subfield code="a">a</subfield>
   <subfield code="a">g</subfield>
   <subfield code="a">r</subfield>
   <subfield code="b">07-29-09</subfield>
   <subfield code="c">m</subfield>
   <subfield code="d">a  </subfield>
   <subfield code="e">-</subfield>
   <subfield code="f">eng</subfield>
   <subfield code="g">nyu</subfield>
   <subfield code="h">4</subfield>
   <subfield code="i">11</subfield>
  </datafield>
  <datafield tag="910" ind1=" " ind2=" ">
   <subfield code="a">RDA ENRICHED</subfield>
  </datafield>
  <datafield tag="910" ind1=" " ind2=" ">
   <subfield code="a">MARS</subfield>
  </datafield>
  <datafield tag="945" ind1=" " ind2=" ">
   <subfield code="a">M Larsson     </subfield>
   <subfield code="g">1</subfield>
   <subfield code="i">31743305293282</subfield>
   <subfield code="l">mms  </subfield>
   <subfield code="o">-</subfield>
   <subfield code="p">$25.95</subfield>
   <subfield code="q">-</subfield>
   <subfield code="r">-</subfield>
   <subfield code="s">-  </subfield>
   <subfield code="t">4</subfield>
   <subfield code="u">69</subfield>
   <subfield code="v">19</subfield>
   <subfield code="w">2</subfield>
   <subfield code="x">1</subfield>
   <subfield code="y">.i18900252</subfield>
   <subfield code="z">10-14-10</subfield>
  </datafield>
  <datafield tag="945" ind1=" " ind2=" ">
   <subfield code="a">M Larsson     </subfield>
   <subfield code="g">1</subfield>
   <subfield code="i">31743304512039</subfield>
   <subfield code="l">cms  </subfield>
   <subfield code="o">-</subfield>
   <subfield code="p">$25.95</subfield>
   <subfield code="q">-</subfield>
   <subfield code="r">-</subfield>
   <subfield code="s">-  </subfield>
   <subfield code="t">4</subfield>
   <subfield code="u">64</subfield>
   <subfield code="v">15</subfield>
   <subfield code="w">1</subfield>
   <subfield code="x">2</subfield>
   <subfield code="y">.i18376976</subfield>
   <subfield code="z">07-29-09</subfield>
  </datafield>
  <datafield tag="945" ind1=" " ind2=" ">
   <subfield code="a">M Larsson     </subfield>
   <subfield code="g">1</subfield>
   <subfield code="i">31743308777836</subfield>
   <subfield code="l">ams  </subfield>
   <subfield code="o">-</subfield>
   <subfield code="p">$25.95</subfield>
   <subfield code="q">-</subfield>
   <subfield code="r">-</subfield>
   <subfield code="s">-  </subfield>
   <subfield code="t">4</subfield>
   <subfield code="u">11</subfield>
   <subfield code="v">9</subfield>
   <subfield code="w">0</subfield>
   <subfield code="x">3</subfield>
   <subfield code="y">.i22481680</subfield>
   <subfield code="z">10-02-18</subfield>
  </datafield>
  <datafield tag="945" ind1=" " ind2=" ">
   <subfield code="a">M Larsson     </subfield>
   <subfield code="g">1</subfield>
   <subfield code="i">31743304512062</subfield>
   <subfield code="l">gms  </subfield>
   <subfield code="o">-</subfield>
   <subfield code="p">$25.95</subfield>
   <subfield code="q">-</subfield>
   <subfield code="r">-</subfield>
   <subfield code="s">-  </subfield>
   <subfield code="t">4</subfield>
   <subfield code="u">48</subfield>
   <subfield code="v">4</subfield>
   <subfield code="w">0</subfield>
   <subfield code="x">0</subfield>
   <subfield code="y">.i18377002</subfield>
   <subfield code="z">07-29-09</subfield>
  </datafield>
  <datafield tag="945" ind1=" " ind2=" ">
   <subfield code="a">M Larsson     </subfield>
   <subfield code="g">1</subfield>
   <subfield code="i">31743308256104</subfield>
   <subfield code="l">rms  </subfield>
   <subfield code="o">-</subfield>
   <subfield code="p">$25.95</subfield>
   <subfield code="q">-</subfield>
   <subfield code="r">-</subfield>
   <subfield code="s">-  </subfield>
   <subfield code="t">4</subfield>
   <subfield code="u">74</subfield>
   <subfield code="v">32</subfield>
   <subfield code="w">1</subfield>
   <subfield code="x">5</subfield>
   <subfield code="y">.i19239579</subfield>
   <subfield code="z">07-28-11</subfield>
  </datafield>
 </record>