<record>
  <leader>01993cam a2200409 a 4500</leader>
  <controlfield tag="001">  2008041787</controlfield>
  <controlfield tag="005">20150808051423.0</controlfield>
  <controlfield tag="008">080922s2009    nyu           000 1 eng  </controlfield>
  <datafield tag="010" ind1=" " ind2=" ">
   <subfield code="a">2008041787</subfield>
  </datafield>
  <datafield tag="020" ind1=" " ind2=" ">
   <subfield code="a">9780385342308 :</subfield>
   <subfield code="c">$23.00</subfield>
  </datafield>
  <datafield tag="040" ind1=" " ind2=" ">
   <subfield code="a">DLC</subfield>
   <subfield code="c">DLC</subfield>
   <subfield code="d">UtOrBLW</subfield>
  </datafield>
  <datafield tag="043" ind1=" " ind2=" ">
   <subfield code="a">e-uk-en</subfield>
  </datafield>
  <datafield tag="049" ind1=" " ind2=" ">
   <subfield code="a">PDV</subfield>
  </datafield>
  <datafield tag="092" ind1=" " ind2=" ">
   <subfield code="a">M</subfield>
   <subfield code="b">Bradley</subfield>
  </datafield>
  <datafield tag="100" ind1="1" ind2=" ">
   <subfield code="a">Bradley, C. Alan,</subfield>
   <subfield code="d">1938-</subfield>
  </datafield>
  <datafield tag="245" ind1="1" ind2="4">
   <subfield code="a">The sweetness at the bottom of the pie /</subfield>
   <subfield code="c">Alan Bradley.</subfield>
  </datafield>
  <datafield tag="264" ind1=" " ind2="1">
   <subfield code="a">New York :</subfield>
   <subfield code="b">Delacorte Press,</subfield>
   <subfield code="c">2009.</subfield>
  </datafield>
  <datafield tag="300" ind1=" " ind2=" ">
   <subfield code="a">373 pages ;</subfield>
   <subfield code="c">21 cm.</subfield>
  </datafield>
  <datafield tag="336" ind1=" " ind2=" ">
   <subfield code="a">text</subfield>
   <subfield code="b">txt</subfield>
   <subfield code="2">rdacontent.</subfield>
  </datafield>
  <datafield tag="337" ind1=" " ind2=" ">
   <subfield code="a">unmediated</subfield>
   <subfield code="b">n</subfield>
   <subfield code="2">rdamedia.</subfield>
  </datafield>
  <datafield tag="338" ind1=" " ind2=" ">
   <subfield code="a">volume</subfield>
   <subfield code="b">nc</subfield>
   <subfield code="2">rdacarrier.</subfield>
  </datafield>
  <datafield tag="490" ind1="1" ind2=" ">
   <subfield code="a">A Flavia de Luce novel.</subfield>
  </datafield>
  <datafield tag="520" ind1=" " ind2=" ">
   <subfield code="a">Eleven-year-old Flavia de Luce is an aspiring chemist with a passion for poison. In the summer of 1950, a series of inexplicable events strikes Buckshaw, the decaying English mansion that her family calls home. A dead bird is found on the doorstep, a postage stamp pinned to its beak. Later, Flavia finds a man dying in the cucumber patch. For Flavia, who is both appalled and delighted, life begins in earnest when murder comes to Buckshaw.</subfield>
  </datafield>
  <datafield tag="650" ind1=" " ind2="0">
   <subfield code="a">De Luce, Flavia (Fictitious character)</subfield>
   <subfield code="v">Fiction.</subfield>
  </datafield>
  <datafield tag="650" ind1=" " ind2="0">
   <subfield code="a">Detectives</subfield>
   <subfield code="z">England</subfield>
   <subfield code="v">Fiction.</subfield>
  </datafield>
  <datafield tag="650" ind1=" " ind2="0">
   <subfield code="a">Motherless families</subfield>
   <subfield code="v">Fiction.</subfield>
  </datafield>
  <datafield tag="650" ind1=" " ind2="0">
   <subfield code="a">Sisters</subfield>
   <subfield code="v">Fiction.</subfield>
  </datafield>
  <datafield tag="651" ind1=" " ind2="0">
   <subfield code="a">England</subfield>
   <subfield code="v">Fiction.</subfield>
  </datafield>
  <datafield tag="655" ind1=" " ind2="7">
   <subfield code="a">Mystery fiction.</subfield>
   <subfield code="2">gsafd.</subfield>
  </datafield>
  <datafield tag="830" ind1=" " ind2="0">
   <subfield code="a">Flavia de Luce mysteries ;</subfield>
   <subfield code="v">1.</subfield>
  </datafield>
  <datafield tag="907" ind1=" " ind2=" ">
   <subfield code="a">.b12501815</subfield>
   <subfield code="b">09-23-24</subfield>
   <subfield code="c">05-15-09</subfield>
  </datafield>
  <datafield tag="998" ind1=" " ind2=" ">
   <subfield code="a">l</subfield>
   <subfield code="a">r</subfield>
   <subfield code="a">s</subfield>
   <subfield code="b">06-04-09</subfield>
   <subfield code="c">m</subfield>
   <subfield code="d">a  </subfield>
   <subfield code="e">-</subfield>
   <subfield code="f">eng</subfield>
   <subfield code="g">nyu</subfield>
   <subfield code="h">4</subfield>
   <subfield code="i">9</subfield>
  </datafield>
  <datafield tag="910" ind1=" " ind2=" ">
   <subfield code="a">RDA ENRICHED</subfield>
  </datafield>
  <datafield tag="910" ind1=" " ind2=" ">
   <subfield code="a">MARS</subfield>
  </datafield>
  <datafield tag="945" ind1=" " ind2=" ">
   <subfield code="a">M Bradley     </subfield>
   <subfield code="g">1</subfield>
   <subfield code="i">31743304667429</subfield>
   <subfield code="l">lms  </subfield>
   <subfield code="o">-</subfield>
   <subfield code="p">$23.00</subfield>
   <subfield code="q">-</subfield>
   <subfield code="r">-</subfield>
   <subfield code="s">-  </subfield>
   <subfield code="t">4</subfield>
   <subfield code="u">73</subfield>
   <subfield code="v">23</subfield>
   <subfield code="w">3</subfield>
   <subfield code="x">2</subfield>
   <subfield code="y">.i18656912</subfield>
   <subfield code="z">03-03-10</subfield>
  </datafield>
  <datafield tag="945" ind1=" " ind2=" ">
   <subfield code="a">M Bradley     </subfield>
   <subfield code="g">1</subfield>
   <subfield code="i">31743305348557</subfield>
   <subfield code="l">rms  </subfield>
   <subfield code="n">Tue Nov 24 2015: $28.00 paid by .p1130545</subfield>
   <subfield code="o">-</subfield>
   <subfield code="p">$23.00</subfield>
   <subfield code="q">-</subfield>
   <subfield code="r">-</subfield>
   <subfield code="s">-  </subfield>
   <subfield code="t">4</subfield>
   <subfield code="u">119</subfield>
   <subfield code="v">61</subfield>
   <subfield code="w">2</subfield>
   <subfield code="x">5</subfield>
   <subfield code="y">.i19435265</subfield>
   <subfield code="z">01-12-12</subfield>
  </datafield>
  <datafield tag="945" ind1=" " ind2=" ">
   <subfield code="a">M Bradley     </subfield>
   <subfield code="g">1</subfield>
   <subfield code="i">31743304667403</subfield>
   <subfield code="l">sms  </subfield>
   <subfield code="o">-</subfield>
   <subfield code="p">$23.00</subfield>
   <subfield code="q">-</subfield>
   <subfield code="r">-</subfield>
   <subfield code="s">!  </subfield>
   <subfield code="t">4</subfield>
   <subfield code="u">63</subfield>
   <subfield code="v">27</subfield>
   <subfield code="w">1</subfield>
   <subfield code="x">2</subfield>
   <subfield code="y">.i18656894</subfield>
   <subfield code="z">03-03-10</subfield>
  </datafield>
 </record>