<record>
  <leader>01571cam a2200409 a 4500</leader>
  <controlfield tag="005">20150808051423.0</controlfield>
  <controlfield tag="008">081121s2009    nyuacf   b    000 0deng  </controlfield>
  <datafield tag="010" ind1=" " ind2=" ">
   <subfield code="a">2008050527</subfield>
  </datafield>
  <datafield tag="020" ind1=" " ind2=" ">
   <subfield code="a">9780307393944 :</subfield>
   <subfield code="c">$25.00</subfield>
  </datafield>
  <datafield tag="040" ind1=" " ind2=" ">
   <subfield code="a">DLC</subfield>
   <subfield code="c">DLC</subfield>
   <subfield code="d">CoLwJCPL</subfield>
   <subfield code="d">UtOrBLW</subfield>
  </datafield>
  <datafield tag="043" ind1=" " ind2=" ">
   <subfield code="a">e-gx---</subfield>
   <subfield code="a">n-us---</subfield>
  </datafield>
  <datafield tag="049" ind1=" " ind2=" ">
   <subfield code="a">PDV</subfield>
  </datafield>
  <datafield tag="092" ind1=" " ind2=" ">
   <subfield code="a">796.342</subfield>
   <subfield code="b">Fisher</subfield>
  </datafield>
  <datafield tag="100" ind1="1" ind2=" ">
   <subfield code="a">Fisher, Marshall.</subfield>
  </datafield>
  <datafield tag="245" ind1="1" ind2="2">
   <subfield code="a">A terrible splendor :</subfield>
   <subfield code="b">three extraordinary men, a world poised for war, and the greatest tennis match ever played /</subfield>
   <subfield code="c">Marshall Jon Fisher.</subfield>
  </datafield>
  <datafield tag="250" ind1=" " ind2=" ">
   <subfield code="a">1st ed.</subfield>
  </datafield>
  <datafield tag="264" ind1=" " ind2="1">
   <subfield code="a">New York :</subfield>
   <subfield code="b">Crown Publishers,</subfield>
   <subfield code="c">[2009]</subfield>
  </datafield>
  <datafield tag="264" ind1=" " ind2="4">
   <subfield code="c">c2009</subfield>
  </datafield>
  <datafield tag="300" ind1=" " ind2=" ">
   <subfield code="a">xi, 321 pages, 4 unnumbered leaves of plates :</subfield>
   <subfield code="b">illustrations, portraits ;</subfield>
   <subfield code="c">24 cm</subfield>
  </datafield>
  <datafield tag="336" ind1=" " ind2=" ">
   <subfield code="a">text</subfield>
   <subfield code="b">txt</subfield>
   <subfield code="2">rdacontent</subfield>
  </datafield>
  <datafield tag="337" ind1=" " ind2=" ">
   <subfield code="a">unmediated</subfield>
   <subfield code="b">n</subfield>
   <subfield code="2">rdamedia</subfield>
  </datafield>
  <datafield tag="338" ind1=" " ind2=" ">
   <subfield code="a">volume</subfield>
   <subfield code="b">nc</subfield>
   <subfield code="2">rdacarrier</subfield>
  </datafield>
  <datafield tag="504" ind1=" " ind2=" ">
   <subfield code="a">Includes bibliographical references (pages [272]-312) and index.</subfield>
  </datafield>
  <datafield tag="611" ind1="2" ind2="0">
   <subfield code="a">Davis Cup</subfield>
   <subfield code="x">History.</subfield>
  </datafield>
  <datafield tag="650" ind1=" " ind2="0">
   <subfield code="a">Tennis</subfield>
   <subfield code="x">Tournaments</subfield>
   <subfield code="x">History.</subfield>
  </datafield>
  <datafield tag="600" ind1="1" ind2="0">
   <subfield code="a">Cramm, Gottfried von,</subfield>
   <subfield code="d">1909-1976.</subfield>
  </datafield>
  <datafield tag="650" ind1=" " ind2="0">
   <subfield code="a">Tennis players</subfield>
   <subfield code="z">Germany</subfield>
   <subfield code="v">Biography.</subfield>
  </datafield>
  <datafield tag="650" ind1=" " ind2="0">
   <subfield code="a">Gay men</subfield>
   <subfield code="z">Germany</subfield>
   <subfield code="v">Biography.</subfield>
  </datafield>
  <datafield tag="650" ind1=" " ind2="0">
   <subfield code="a">Gay people</subfield>
   <subfield code="x">Nazi persecution.</subfield>
  </datafield>
  <datafield tag="650" ind1=" " ind2="0">
   <subfield code="a">National socialism.</subfield>
  </datafield>
  <datafield tag="600" ind1="1" ind2="0">
   <subfield code="a">Budge, Don,</subfield>
   <subfield code="d">1915-2000.</subfield>
  </datafield>
  <datafield tag="650" ind1=" " ind2="0">
   <subfield code="a">Tennis players</subfield>
   <subfield code="z">United States</subfield>
   <subfield code="v">Biography.</subfield>
  </datafield>
  <datafield tag="907" ind1=" " ind2=" ">
   <subfield code="a">.b12501827</subfield>
   <subfield code="b">06-05-24</subfield>
   <subfield code="c">05-15-09</subfield>
  </datafield>
  <datafield tag="998" ind1=" " ind2=" ">
   <subfield code="a">m</subfield>
   <subfield code="b">06-04-09</subfield>
   <subfield code="c">m</subfield>
   <subfield code="d">a  </subfield>
   <subfield code="e">-</subfield>
   <subfield code="f">eng</subfield>
   <subfield code="g">nyu</subfield>
   <subfield code="h">2</subfield>
   <subfield code="i">0</subfield>
  </datafield>
  <datafield tag="910" ind1=" " ind2=" ">
   <subfield code="a">RDA ENRICHED</subfield>
  </datafield>
  <datafield tag="910" ind1=" " ind2=" ">
   <subfield code="a">MARS</subfield>
  </datafield>
  <datafield tag="945" ind1=" " ind2=" ">
   <subfield code="a">796.342 Fisher     </subfield>
   <subfield code="g">1</subfield>
   <subfield code="i">31743304467531</subfield>
   <subfield code="l">mms  </subfield>
   <subfield code="o">-</subfield>
   <subfield code="p">$25.00</subfield>
   <subfield code="q">-</subfield>
   <subfield code="r">-</subfield>
   <subfield code="s">-  </subfield>
   <subfield code="t">2</subfield>
   <subfield code="u">16</subfield>
   <subfield code="v">1</subfield>
   <subfield code="w">4</subfield>
   <subfield code="x">0</subfield>
   <subfield code="y">.i18332894</subfield>
   <subfield code="z">06-05-09</subfield>
  </datafield>
 </record>