<record>
  <leader>01897cim a2200481Ka 4500</leader>
  <controlfield tag="005">20150808051424.0</controlfield>
  <controlfield tag="007">sd fungnnmmneu</controlfield>
  <controlfield tag="008">090424s2009    riunnnn        f  n eng d</controlfield>
  <datafield tag="020" ind1=" " ind2=" ">
   <subfield code="a">9780792763697 :</subfield>
   <subfield code="c">$115.95</subfield>
  </datafield>
  <datafield tag="020" ind1=" " ind2=" ">
   <subfield code="a">1427206767</subfield>
  </datafield>
  <datafield tag="020" ind1=" " ind2=" ">
   <subfield code="a">9781427206763</subfield>
  </datafield>
  <datafield tag="028" ind1=" " ind2=" ">
   <subfield code="a">SLD 1738</subfield>
   <subfield code="b">Sound Library</subfield>
  </datafield>
  <datafield tag="040" ind1=" " ind2=" ">
   <subfield code="a">TEFMT</subfield>
   <subfield code="c">TEFMT</subfield>
   <subfield code="d">TEF</subfield>
   <subfield code="d">RCS</subfield>
   <subfield code="d">UtOrBLW</subfield>
  </datafield>
  <datafield tag="043" ind1=" " ind2=" ">
   <subfield code="a">fe-----</subfield>
  </datafield>
  <datafield tag="049" ind1=" " ind2=" ">
   <subfield code="a">PDV</subfield>
  </datafield>
  <datafield tag="092" ind1=" " ind2=" ">
   <subfield code="a">TB CD</subfield>
   <subfield code="b">Smith</subfield>
  </datafield>
  <datafield tag="100" ind1="1" ind2=" ">
   <subfield code="a">Smith, Wilbur A.</subfield>
  </datafield>
  <datafield tag="245" ind1="1" ind2="0">
   <subfield code="a">Assegai</subfield>
   <subfield code="h">[sound recording] /</subfield>
   <subfield code="c">Wilbur Smith.</subfield>
  </datafield>
  <datafield tag="250" ind1=" " ind2=" ">
   <subfield code="a">Unabridged.</subfield>
  </datafield>
  <datafield tag="264" ind1=" " ind2="1">
   <subfield code="a">North Kingstown, BBC Audiobooks Amierca :</subfield>
   <subfield code="b">[publisher not identified],</subfield>
   <subfield code="c">[2009]</subfield>
  </datafield>
  <datafield tag="264" ind1=" " ind2="4">
   <subfield code="c">p2009</subfield>
  </datafield>
  <datafield tag="300" ind1=" " ind2=" ">
   <subfield code="a">14 sound discs :</subfield>
   <subfield code="b">digital ;</subfield>
   <subfield code="c">4 3/4 in.</subfield>
  </datafield>
  <datafield tag="336" ind1=" " ind2=" ">
   <subfield code="a">spoken word</subfield>
   <subfield code="b">spw</subfield>
   <subfield code="2">rdacontent</subfield>
  </datafield>
  <datafield tag="337" ind1=" " ind2=" ">
   <subfield code="a">audio</subfield>
   <subfield code="b">s</subfield>
   <subfield code="2">rdamedia</subfield>
  </datafield>
  <datafield tag="338" ind1=" " ind2=" ">
   <subfield code="a">audio disc</subfield>
   <subfield code="b">sd</subfield>
   <subfield code="2">rdacarrier</subfield>
  </datafield>
  <datafield tag="490" ind1="1" ind2=" ">
   <subfield code="a">Courtney series</subfield>
  </datafield>
  <datafield tag="500" ind1=" " ind2=" ">
   <subfield code="a">Duration: 1020 min.</subfield>
  </datafield>
  <datafield tag="511" ind1="0" ind2=" ">
   <subfield code="a">Read by Simon Vance.</subfield>
  </datafield>
  <datafield tag="520" ind1=" " ind2=" ">
   <subfield code="a">Leon Courtney, a former soldier and safari specialist, undertakes a mission in 1913 East Africa to spy on his client, a German industrialist. However, Leon quickly falls for his client's mistress, distracting him from the mission at hand. Still, through his clever masquerade, Leon is able to uncover a plot against his homeland.</subfield>
  </datafield>
  <datafield tag="500" ind1=" " ind2=" ">
   <subfield code="a">Compact disc.</subfield>
  </datafield>
  <datafield tag="500" ind1=" " ind2=" ">
   <subfield code="a">In container (17 cm.).</subfield>
  </datafield>
  <datafield tag="650" ind1=" " ind2="0">
   <subfield code="a">British</subfield>
   <subfield code="z">Africa, East</subfield>
   <subfield code="v">Fiction.</subfield>
  </datafield>
  <datafield tag="650" ind1=" " ind2="0">
   <subfield code="a">Hunting guides</subfield>
   <subfield code="v">Fiction.</subfield>
  </datafield>
  <datafield tag="650" ind1=" " ind2="0">
   <subfield code="a">Audiobooks.</subfield>
  </datafield>
  <datafield tag="650" ind1=" " ind2="0">
   <subfield code="a">Germans</subfield>
   <subfield code="z">Africa, East</subfield>
   <subfield code="v">Fiction.</subfield>
  </datafield>
  <datafield tag="650" ind1=" " ind2="0">
   <subfield code="a">Safaris</subfield>
   <subfield code="z">Africa, East</subfield>
   <subfield code="v">Fiction.</subfield>
  </datafield>
  <datafield tag="700" ind1="1" ind2=" ">
   <subfield code="a">Vance, Simon,</subfield>
   <subfield code="e">narrator.</subfield>
  </datafield>
  <datafield tag="830" ind1=" " ind2="0">
   <subfield code="a">Courtney series ;</subfield>
   <subfield code="v">13.</subfield>
  </datafield>
  <datafield tag="907" ind1=" " ind2=" ">
   <subfield code="a">.b12501980</subfield>
   <subfield code="b">07-25-23</subfield>
   <subfield code="c">05-18-09</subfield>
  </datafield>
  <datafield tag="998" ind1=" " ind2=" ">
   <subfield code="a">l</subfield>
   <subfield code="b">05-18-09</subfield>
   <subfield code="c">m</subfield>
   <subfield code="d">z  </subfield>
   <subfield code="e">-</subfield>
   <subfield code="f">eng</subfield>
   <subfield code="g">riu</subfield>
   <subfield code="h">0</subfield>
   <subfield code="i">0</subfield>
  </datafield>
  <datafield tag="910" ind1=" " ind2=" ">
   <subfield code="a">RDA ENRICHED</subfield>
  </datafield>
  <datafield tag="910" ind1=" " ind2=" ">
   <subfield code="a">MARS</subfield>
  </datafield>
  <datafield tag="945" ind1=" " ind2=" ">
   <subfield code="a">TB CD Smith     </subfield>
   <subfield code="g">1</subfield>
   <subfield code="i">31743304273772</subfield>
   <subfield code="l">lms  </subfield>
   <subfield code="o">-</subfield>
   <subfield code="p">$115.95</subfield>
   <subfield code="q">b</subfield>
   <subfield code="r">-</subfield>
   <subfield code="s">-  </subfield>
   <subfield code="t">32</subfield>
   <subfield code="u">42</subfield>
   <subfield code="v">11</subfield>
   <subfield code="w">1</subfield>
   <subfield code="x">0</subfield>
   <subfield code="y">.i18322669</subfield>
   <subfield code="z">05-20-09</subfield>
  </datafield>
 </record>