<record>
  <leader>01893cam a2200373 a 4500</leader>
  <controlfield tag="005">20150808051425.0</controlfield>
  <controlfield tag="008">080718s2009    nyuabcf       001 0aeng  </controlfield>
  <datafield tag="010" ind1=" " ind2=" ">
   <subfield code="a">2008031409</subfield>
  </datafield>
  <datafield tag="020" ind1=" " ind2=" ">
   <subfield code="a">9780374154844 :</subfield>
   <subfield code="c">$24.00</subfield>
  </datafield>
  <datafield tag="020" ind1=" " ind2=" ">
   <subfield code="a">0374154848 :</subfield>
   <subfield code="c">$24.00</subfield>
  </datafield>
  <datafield tag="040" ind1=" " ind2=" ">
   <subfield code="a">DLC</subfield>
   <subfield code="c">DLC</subfield>
   <subfield code="d">BTCTA</subfield>
   <subfield code="d">BAKER</subfield>
   <subfield code="d">YDXCP</subfield>
   <subfield code="d">C#P</subfield>
   <subfield code="d">BWX</subfield>
   <subfield code="d">UOK</subfield>
   <subfield code="d">CDX</subfield>
   <subfield code="d">NBO</subfield>
   <subfield code="d">UPZ</subfield>
   <subfield code="d">MNJ</subfield>
   <subfield code="d">VP@</subfield>
   <subfield code="d">IG#</subfield>
   <subfield code="d">TOZ</subfield>
   <subfield code="d">UtOrBLW</subfield>
  </datafield>
  <datafield tag="043" ind1=" " ind2=" ">
   <subfield code="a">n-us-ak</subfield>
  </datafield>
  <datafield tag="049" ind1=" " ind2=" ">
   <subfield code="a">PDV</subfield>
  </datafield>
  <datafield tag="092" ind1=" " ind2=" ">
   <subfield code="a">92</subfield>
   <subfield code="b">Hensley, William L. I.</subfield>
  </datafield>
  <datafield tag="100" ind1="1" ind2=" ">
   <subfield code="a">Hensley, William L. Iggiagruk.</subfield>
  </datafield>
  <datafield tag="245" ind1="1" ind2="0">
   <subfield code="a">Fifty miles from tomorrow :</subfield>
   <subfield code="b">a memoir of Alaska and the real people /</subfield>
   <subfield code="c">William L. Iggiagruk Hensley.</subfield>
  </datafield>
  <datafield tag="250" ind1=" " ind2=" ">
   <subfield code="a">1st ed.</subfield>
  </datafield>
  <datafield tag="264" ind1=" " ind2="1">
   <subfield code="a">New York :</subfield>
   <subfield code="b">Sarah Crichton Books,</subfield>
   <subfield code="c">2009.</subfield>
  </datafield>
  <datafield tag="300" ind1=" " ind2=" ">
   <subfield code="a">xii, 256 pages, 16 unnumbered pages of plates :</subfield>
   <subfield code="b">illustrations, maps, portraits ;</subfield>
   <subfield code="c">22 cm</subfield>
  </datafield>
  <datafield tag="336" ind1=" " ind2=" ">
   <subfield code="a">text</subfield>
   <subfield code="b">txt</subfield>
   <subfield code="2">rdacontent</subfield>
  </datafield>
  <datafield tag="337" ind1=" " ind2=" ">
   <subfield code="a">unmediated</subfield>
   <subfield code="b">n</subfield>
   <subfield code="2">rdamedia</subfield>
  </datafield>
  <datafield tag="338" ind1=" " ind2=" ">
   <subfield code="a">volume</subfield>
   <subfield code="b">nc</subfield>
   <subfield code="2">rdacarrier</subfield>
  </datafield>
  <datafield tag="520" ind1=" " ind2=" ">
   <subfield code="a">Documents the author's traditional childhood north of the Arctic Circle, his decision to pursue an education in the continental U.S., and his successful lobbying efforts that convinced the government to allocate land and monetary resources to Alaska's natives in compensation for incursions on their way of life.</subfield>
  </datafield>
  <datafield tag="500" ind1=" " ind2=" ">
   <subfield code="a">Includes index.</subfield>
  </datafield>
  <datafield tag="600" ind1="1" ind2="0">
   <subfield code="a">Hensley, William L. Iggiagruk.</subfield>
  </datafield>
  <datafield tag="650" ind1=" " ind2="0">
   <subfield code="a">Inupiat</subfield>
   <subfield code="z">Alaska</subfield>
   <subfield code="z">Kotzebue</subfield>
   <subfield code="v">Biography.</subfield>
  </datafield>
  <datafield tag="650" ind1=" " ind2="0">
   <subfield code="a">Inupiat</subfield>
   <subfield code="z">Alaska</subfield>
   <subfield code="z">Kotzebue</subfield>
   <subfield code="x">History.</subfield>
  </datafield>
  <datafield tag="650" ind1=" " ind2="0">
   <subfield code="a">Inupiat</subfield>
   <subfield code="z">Alaska</subfield>
   <subfield code="z">Kotzebue</subfield>
   <subfield code="x">Social life and customs.</subfield>
  </datafield>
  <datafield tag="907" ind1=" " ind2=" ">
   <subfield code="a">.b12502194</subfield>
   <subfield code="b">09-07-22</subfield>
   <subfield code="c">05-19-09</subfield>
  </datafield>
  <datafield tag="998" ind1=" " ind2=" ">
   <subfield code="a">m</subfield>
   <subfield code="a">r</subfield>
   <subfield code="b">05-19-09</subfield>
   <subfield code="c">m</subfield>
   <subfield code="d">a  </subfield>
   <subfield code="e">-</subfield>
   <subfield code="f">eng</subfield>
   <subfield code="g">nyu</subfield>
   <subfield code="h">0</subfield>
   <subfield code="i">0</subfield>
  </datafield>
  <datafield tag="910" ind1=" " ind2=" ">
   <subfield code="a">RDA ENRICHED</subfield>
  </datafield>
  <datafield tag="910" ind1=" " ind2=" ">
   <subfield code="a">MARS</subfield>
  </datafield>
  <datafield tag="945" ind1=" " ind2=" ">
   <subfield code="a">92 Hensley, William L. I.     </subfield>
   <subfield code="g">1</subfield>
   <subfield code="i">31743304470006</subfield>
   <subfield code="l">mms  </subfield>
   <subfield code="o">-</subfield>
   <subfield code="p">$24.00</subfield>
   <subfield code="q">-</subfield>
   <subfield code="r">-</subfield>
   <subfield code="s">-  </subfield>
   <subfield code="t">2</subfield>
   <subfield code="u">21</subfield>
   <subfield code="v">18</subfield>
   <subfield code="w">0</subfield>
   <subfield code="x">0</subfield>
   <subfield code="y">.i1834141x</subfield>
   <subfield code="z">06-16-09</subfield>
  </datafield>
  <datafield tag="945" ind1=" " ind2=" ">
   <subfield code="a">92 Hensley, William L. I.     </subfield>
   <subfield code="g">1</subfield>
   <subfield code="i">31743304470014</subfield>
   <subfield code="l">rms  </subfield>
   <subfield code="o">-</subfield>
   <subfield code="p">$24.00</subfield>
   <subfield code="q">-</subfield>
   <subfield code="r">-</subfield>
   <subfield code="s">-  </subfield>
   <subfield code="t">2</subfield>
   <subfield code="u">16</subfield>
   <subfield code="v">4</subfield>
   <subfield code="w">0</subfield>
   <subfield code="x">1</subfield>
   <subfield code="y">.i18341421</subfield>
   <subfield code="z">06-16-09</subfield>
  </datafield>
 </record>