<record>
  <leader>01482cam a2200397Ka 4500</leader>
  <controlfield tag="005">20150808051426.0</controlfield>
  <controlfield tag="008">080405s2009    nyu    e      000 1 eng d</controlfield>
  <datafield tag="020" ind1=" " ind2=" ">
   <subfield code="a">9780758235022 (pbk.) :</subfield>
   <subfield code="c">$8.99</subfield>
  </datafield>
  <datafield tag="040" ind1=" " ind2=" ">
   <subfield code="a">BTCTA</subfield>
   <subfield code="c">BTCTA</subfield>
   <subfield code="d">BAKER</subfield>
   <subfield code="d">IEP</subfield>
   <subfield code="d">UtOrBLW</subfield>
  </datafield>
  <datafield tag="049" ind1=" " ind2=" ">
   <subfield code="a">PDV</subfield>
  </datafield>
  <datafield tag="092" ind1=" " ind2=" ">
   <subfield code="a">F</subfield>
   <subfield code="b">Miller</subfield>
  </datafield>
  <datafield tag="100" ind1="1" ind2=" ">
   <subfield code="a">Miller, Linda Lael.</subfield>
  </datafield>
  <datafield tag="245" ind1="1" ind2="0">
   <subfield code="a">When I'm with you  /</subfield>
   <subfield code="c">Linda Lael Miller, JoAnn Ross.</subfield>
  </datafield>
  <datafield tag="264" ind1=" " ind2="1">
   <subfield code="a">New York :</subfield>
   <subfield code="b">Brava :</subfield>
   <subfield code="b">Kensington Publishing Corp.,</subfield>
   <subfield code="c">[2009]</subfield>
  </datafield>
  <datafield tag="264" ind1=" " ind2="4">
   <subfield code="c">c2009</subfield>
  </datafield>
  <datafield tag="300" ind1=" " ind2=" ">
   <subfield code="a">342 pages ;</subfield>
   <subfield code="c">18 cm</subfield>
  </datafield>
  <datafield tag="336" ind1=" " ind2=" ">
   <subfield code="a">text</subfield>
   <subfield code="b">txt</subfield>
   <subfield code="2">rdacontent</subfield>
  </datafield>
  <datafield tag="337" ind1=" " ind2=" ">
   <subfield code="a">unmediated</subfield>
   <subfield code="b">n</subfield>
   <subfield code="2">rdamedia</subfield>
  </datafield>
  <datafield tag="338" ind1=" " ind2=" ">
   <subfield code="a">volume</subfield>
   <subfield code="b">nc</subfield>
   <subfield code="2">rdacarrier</subfield>
  </datafield>
  <datafield tag="505" ind1="0" ind2=" ">
   <subfield code="a">One last weekend / Linda Lael Miller -- Batteries not required / Linda Lael Miller  -- Cajun heat / JoAnn Ross -- Love potion #9 / JoAnn Ross.</subfield>
  </datafield>
  <datafield tag="650" ind1=" " ind2="0">
   <subfield code="a">Man-woman relationships</subfield>
   <subfield code="v">Fiction.</subfield>
  </datafield>
  <datafield tag="700" ind1="1" ind2="2">
   <subfield code="a">Ross, JoAnn.</subfield>
  </datafield>
  <datafield tag="700" ind1="1" ind2=" ">
   <subfield code="a">Miller, Linda Lael.</subfield>
   <subfield code="t">One last weekend.</subfield>
  </datafield>
  <datafield tag="700" ind1="1" ind2=" ">
   <subfield code="a">Miller, Linda Lael.</subfield>
   <subfield code="t">Batteries not required.</subfield>
  </datafield>
  <datafield tag="700" ind1="1" ind2=" ">
   <subfield code="a">Ross, JoAnn.</subfield>
   <subfield code="t">Cajun heat.</subfield>
  </datafield>
  <datafield tag="700" ind1="1" ind2=" ">
   <subfield code="a">Ross, JoAnn.</subfield>
   <subfield code="t">Love potion #9.</subfield>
  </datafield>
  <datafield tag="740" ind1="0" ind2="2">
   <subfield code="a">One last weekend.</subfield>
  </datafield>
  <datafield tag="740" ind1="0" ind2="2">
   <subfield code="a">Batteries not required.</subfield>
  </datafield>
  <datafield tag="740" ind1="0" ind2="2">
   <subfield code="a">Cajun heat.</subfield>
  </datafield>
  <datafield tag="740" ind1="0" ind2="2">
   <subfield code="a">Love potion #9.</subfield>
  </datafield>
  <datafield tag="740" ind1="0" ind2="2">
   <subfield code="a">Love potion number 9.</subfield>
  </datafield>
  <datafield tag="907" ind1=" " ind2=" ">
   <subfield code="a">.b12502455</subfield>
   <subfield code="b">12-04-23</subfield>
   <subfield code="c">05-21-09</subfield>
  </datafield>
  <datafield tag="998" ind1=" " ind2=" ">
   <subfield code="a">m</subfield>
   <subfield code="b">10-30-08</subfield>
   <subfield code="c">m</subfield>
   <subfield code="d">a  </subfield>
   <subfield code="e">-</subfield>
   <subfield code="f">eng</subfield>
   <subfield code="g">nyu</subfield>
   <subfield code="h">0</subfield>
   <subfield code="i">8</subfield>
  </datafield>
  <datafield tag="910" ind1=" " ind2=" ">
   <subfield code="a">RDA ENRICHED</subfield>
  </datafield>
  <datafield tag="910" ind1=" " ind2=" ">
   <subfield code="a">MARS</subfield>
  </datafield>
  <datafield tag="945" ind1=" " ind2=" ">
   <subfield code="a">F Miller   </subfield>
   <subfield code="g">1</subfield>
   <subfield code="i">31743304274614</subfield>
   <subfield code="l">mms  </subfield>
   <subfield code="o">-</subfield>
   <subfield code="p">$8.99</subfield>
   <subfield code="q">-</subfield>
   <subfield code="r">-</subfield>
   <subfield code="s">-  </subfield>
   <subfield code="t">3</subfield>
   <subfield code="u">16</subfield>
   <subfield code="v">3</subfield>
   <subfield code="w">0</subfield>
   <subfield code="x">0</subfield>
   <subfield code="y">.i18323789</subfield>
   <subfield code="z">05-21-09</subfield>
  </datafield>
 </record>