<record>
  <leader>01923cam a2200445 a 4500</leader>
  <controlfield tag="005">20150808051426.0</controlfield>
  <controlfield tag="008">090116s2009    nyu    e      000 1 eng  </controlfield>
  <datafield tag="010" ind1=" " ind2=" ">
   <subfield code="a">2009001548</subfield>
  </datafield>
  <datafield tag="020" ind1=" " ind2=" ">
   <subfield code="a">9781439138311</subfield>
  </datafield>
  <datafield tag="020" ind1=" " ind2=" ">
   <subfield code="a">1439138311 :</subfield>
   <subfield code="c">$25.00</subfield>
  </datafield>
  <datafield tag="020" ind1=" " ind2=" ">
   <subfield code="a">1439148953</subfield>
  </datafield>
  <datafield tag="020" ind1=" " ind2=" ">
   <subfield code="a">9781439149829</subfield>
  </datafield>
  <datafield tag="020" ind1=" " ind2=" ">
   <subfield code="a">9781439148952 (paperback) :</subfield>
   <subfield code="c">$15.00</subfield>
  </datafield>
  <datafield tag="020" ind1=" " ind2=" ">
   <subfield code="a">1439149828</subfield>
  </datafield>
  <datafield tag="040" ind1=" " ind2=" ">
   <subfield code="a">DLC</subfield>
   <subfield code="c">DLC</subfield>
   <subfield code="d">BTCTA</subfield>
   <subfield code="d">YDXCP</subfield>
   <subfield code="d">ABG</subfield>
   <subfield code="d">YDX</subfield>
   <subfield code="d">IK2</subfield>
   <subfield code="d">MOF</subfield>
   <subfield code="d">CO2</subfield>
   <subfield code="d">UtOrBLW</subfield>
  </datafield>
  <datafield tag="043" ind1=" " ind2=" ">
   <subfield code="a">n-us-ny</subfield>
   <subfield code="a">e-ie---</subfield>
  </datafield>
  <datafield tag="049" ind1=" " ind2=" ">
   <subfield code="a">PDV</subfield>
  </datafield>
  <datafield tag="092" ind1=" " ind2=" ">
   <subfield code="a">F</subfield>
   <subfield code="b">Toibin</subfield>
  </datafield>
  <datafield tag="100" ind1="1" ind2=" ">
   <subfield code="a">Toibin, Colm,</subfield>
   <subfield code="d">1955-</subfield>
  </datafield>
  <datafield tag="245" ind1="1" ind2="0">
   <subfield code="a">Brooklyn :</subfield>
   <subfield code="b">a novel /</subfield>
   <subfield code="c">Colm Toibin.</subfield>
  </datafield>
  <datafield tag="250" ind1=" " ind2=" ">
   <subfield code="a">1st Scribner hardcover ed.</subfield>
  </datafield>
  <datafield tag="264" ind1=" " ind2="1">
   <subfield code="a">New York :</subfield>
   <subfield code="b">Scribner,</subfield>
   <subfield code="c">2009.</subfield>
  </datafield>
  <datafield tag="300" ind1=" " ind2=" ">
   <subfield code="a">262 pages ;</subfield>
   <subfield code="c">23 cm.</subfield>
  </datafield>
  <datafield tag="336" ind1=" " ind2=" ">
   <subfield code="a">text</subfield>
   <subfield code="b">txt</subfield>
   <subfield code="2">rdacontent.</subfield>
  </datafield>
  <datafield tag="337" ind1=" " ind2=" ">
   <subfield code="a">unmediated</subfield>
   <subfield code="b">n</subfield>
   <subfield code="2">rdamedia.</subfield>
  </datafield>
  <datafield tag="338" ind1=" " ind2=" ">
   <subfield code="a">volume</subfield>
   <subfield code="b">nc</subfield>
   <subfield code="2">rdacarrier.</subfield>
  </datafield>
  <datafield tag="650" ind1=" " ind2="0">
   <subfield code="a">Irish</subfield>
   <subfield code="z">United States</subfield>
   <subfield code="v">Fiction.</subfield>
  </datafield>
  <datafield tag="650" ind1=" " ind2="0">
   <subfield code="a">Women immigrants</subfield>
   <subfield code="v">Fiction.</subfield>
  </datafield>
  <datafield tag="651" ind1=" " ind2="0">
   <subfield code="a">Brooklyn (New York, N.Y.)</subfield>
   <subfield code="x">History</subfield>
   <subfield code="y">20th century</subfield>
   <subfield code="v">Fiction.</subfield>
  </datafield>
  <datafield tag="651" ind1=" " ind2="0">
   <subfield code="a">Ireland</subfield>
   <subfield code="x">History</subfield>
   <subfield code="y">20th century</subfield>
   <subfield code="v">Fiction.</subfield>
  </datafield>
  <datafield tag="907" ind1=" " ind2=" ">
   <subfield code="a">.b12502625</subfield>
   <subfield code="b">03-28-25</subfield>
   <subfield code="c">05-27-09</subfield>
  </datafield>
  <datafield tag="998" ind1=" " ind2=" ">
   <subfield code="a">(2)m</subfield>
   <subfield code="a">c</subfield>
   <subfield code="a">a</subfield>
   <subfield code="a">r</subfield>
   <subfield code="a">s</subfield>
   <subfield code="b">06-17-09</subfield>
   <subfield code="c">m</subfield>
   <subfield code="d">a  </subfield>
   <subfield code="e">-</subfield>
   <subfield code="f">eng</subfield>
   <subfield code="g">nyu</subfield>
   <subfield code="h">0</subfield>
   <subfield code="i">10</subfield>
  </datafield>
  <datafield tag="910" ind1=" " ind2=" ">
   <subfield code="a">RDA ENRICHED</subfield>
  </datafield>
  <datafield tag="910" ind1=" " ind2=" ">
   <subfield code="a">MARS</subfield>
  </datafield>
  <datafield tag="945" ind1=" " ind2=" ">
   <subfield code="a">F Toibin     </subfield>
   <subfield code="g">1</subfield>
   <subfield code="i">31743304278383</subfield>
   <subfield code="l">mms  </subfield>
   <subfield code="o">-</subfield>
   <subfield code="p">$25.00</subfield>
   <subfield code="q">-</subfield>
   <subfield code="r">-</subfield>
   <subfield code="s">-  </subfield>
   <subfield code="t">3</subfield>
   <subfield code="u">112</subfield>
   <subfield code="v">27</subfield>
   <subfield code="w">8</subfield>
   <subfield code="x">8</subfield>
   <subfield code="y">.i18343533</subfield>
   <subfield code="z">06-18-09</subfield>
  </datafield>
  <datafield tag="945" ind1=" " ind2=" ">
   <subfield code="a">F Toibin     </subfield>
   <subfield code="g">1</subfield>
   <subfield code="i">31743307346484</subfield>
   <subfield code="l">mms  </subfield>
   <subfield code="o">-</subfield>
   <subfield code="p">$25.00</subfield>
   <subfield code="q">-</subfield>
   <subfield code="r">-</subfield>
   <subfield code="s">-  </subfield>
   <subfield code="t">3</subfield>
   <subfield code="u">29</subfield>
   <subfield code="v">12</subfield>
   <subfield code="w">7</subfield>
   <subfield code="x">1</subfield>
   <subfield code="y">.i21258235</subfield>
   <subfield code="z">03-16-16</subfield>
  </datafield>
  <datafield tag="945" ind1=" " ind2=" ">
   <subfield code="a">F Toibin     </subfield>
   <subfield code="g">1</subfield>
   <subfield code="i">31743307171478</subfield>
   <subfield code="l">cms  </subfield>
   <subfield code="o">-</subfield>
   <subfield code="p">$25.00</subfield>
   <subfield code="q">-</subfield>
   <subfield code="r">-</subfield>
   <subfield code="s">-  </subfield>
   <subfield code="t">3</subfield>
   <subfield code="u">43</subfield>
   <subfield code="v">12</subfield>
   <subfield code="w">6</subfield>
   <subfield code="x">6</subfield>
   <subfield code="y">.i21124942</subfield>
   <subfield code="z">11-18-15</subfield>
  </datafield>
  <datafield tag="945" ind1=" " ind2=" ">
   <subfield code="a">F Toibin     </subfield>
   <subfield code="g">1</subfield>
   <subfield code="i">31743304278391</subfield>
   <subfield code="l">ams  </subfield>
   <subfield code="o">-</subfield>
   <subfield code="p">$25.00</subfield>
   <subfield code="q">-</subfield>
   <subfield code="r">-</subfield>
   <subfield code="s">!  </subfield>
   <subfield code="t">3</subfield>
   <subfield code="u">89</subfield>
   <subfield code="v">24</subfield>
   <subfield code="w">7</subfield>
   <subfield code="x">6</subfield>
   <subfield code="y">.i18343545</subfield>
   <subfield code="z">06-18-09</subfield>
  </datafield>
  <datafield tag="945" ind1=" " ind2=" ">
   <subfield code="a">F Toibin     </subfield>
   <subfield code="g">1</subfield>
   <subfield code="i">31743307346500</subfield>
   <subfield code="l">rms  </subfield>
   <subfield code="o">-</subfield>
   <subfield code="p">$25.00</subfield>
   <subfield code="q">-</subfield>
   <subfield code="r">-</subfield>
   <subfield code="s">o  </subfield>
   <subfield code="t">3</subfield>
   <subfield code="u">53</subfield>
   <subfield code="v">32</subfield>
   <subfield code="w">7</subfield>
   <subfield code="x">6</subfield>
   <subfield code="y">.i21258260</subfield>
   <subfield code="z">03-16-16</subfield>
  </datafield>
  <datafield tag="945" ind1=" " ind2=" ">
   <subfield code="a">F Toibin     </subfield>
   <subfield code="g">1</subfield>
   <subfield code="i">31743307171460</subfield>
   <subfield code="l">sms  </subfield>
   <subfield code="o">-</subfield>
   <subfield code="p">$25.00</subfield>
   <subfield code="q">-</subfield>
   <subfield code="r">-</subfield>
   <subfield code="s">-  </subfield>
   <subfield code="t">3</subfield>
   <subfield code="u">28</subfield>
   <subfield code="v">6</subfield>
   <subfield code="w">2</subfield>
   <subfield code="x">4</subfield>
   <subfield code="y">.i21124930</subfield>
   <subfield code="z">11-18-15</subfield>
  </datafield>
 </record>