<record>
  <leader>01790cam a2200397 a 4500</leader>
  <controlfield tag="005">20150808051426.0</controlfield>
  <controlfield tag="008">080623s2009    nyua   e      000 1 eng  </controlfield>
  <datafield tag="010" ind1=" " ind2=" ">
   <subfield code="a">2008027489</subfield>
  </datafield>
  <datafield tag="020" ind1=" " ind2=" ">
   <subfield code="a">9781933633633</subfield>
  </datafield>
  <datafield tag="020" ind1=" " ind2=" ">
   <subfield code="a">1933633638 :</subfield>
   <subfield code="c">$27.00</subfield>
  </datafield>
  <datafield tag="040" ind1=" " ind2=" ">
   <subfield code="a">DLC</subfield>
   <subfield code="c">DLC</subfield>
   <subfield code="d">BTCTA</subfield>
   <subfield code="d">BAKER</subfield>
   <subfield code="d">YDXCP</subfield>
   <subfield code="d">CXP</subfield>
   <subfield code="d">C#P</subfield>
   <subfield code="d">VP@</subfield>
   <subfield code="d">BWX</subfield>
   <subfield code="d">EQO</subfield>
   <subfield code="d">IXA</subfield>
   <subfield code="d">UPZ</subfield>
   <subfield code="d">UtOrBLW</subfield>
  </datafield>
  <datafield tag="041" ind1="1" ind2=" ">
   <subfield code="a">eng</subfield>
   <subfield code="h">ger</subfield>
  </datafield>
  <datafield tag="043" ind1=" " ind2=" ">
   <subfield code="a">e-gx---</subfield>
  </datafield>
  <datafield tag="049" ind1=" " ind2=" ">
   <subfield code="a">PDV</subfield>
  </datafield>
  <datafield tag="092" ind1=" " ind2=" ">
   <subfield code="a">F</subfield>
   <subfield code="b">Fallada</subfield>
  </datafield>
  <datafield tag="100" ind1="1" ind2=" ">
   <subfield code="a">Fallada, Hans,</subfield>
   <subfield code="d">1893-1947.</subfield>
  </datafield>
  <datafield tag="240" ind1="1" ind2="0">
   <subfield code="a">Jeder stirbt fur sich allein.</subfield>
   <subfield code="l">English.</subfield>
  </datafield>
  <datafield tag="245" ind1="1" ind2="0">
   <subfield code="a">Every man dies alone /</subfield>
   <subfield code="c">Hans Fallada ; translated by Michael Hofmann ; afterword by Geoff Wilkes.</subfield>
  </datafield>
  <datafield tag="264" ind1=" " ind2="1">
   <subfield code="a">Brooklyn, N.Y. :</subfield>
   <subfield code="b">Melville House Pub.,</subfield>
   <subfield code="c">[2009]</subfield>
  </datafield>
  <datafield tag="264" ind1=" " ind2="4">
   <subfield code="c">c2009.</subfield>
  </datafield>
  <datafield tag="300" ind1=" " ind2=" ">
   <subfield code="a">543 pages :</subfield>
   <subfield code="b">illustrations, maps ;</subfield>
   <subfield code="c">24 cm.</subfield>
  </datafield>
  <datafield tag="336" ind1=" " ind2=" ">
   <subfield code="a">text</subfield>
   <subfield code="b">txt</subfield>
   <subfield code="2">rdacontent.</subfield>
  </datafield>
  <datafield tag="337" ind1=" " ind2=" ">
   <subfield code="a">unmediated</subfield>
   <subfield code="b">n</subfield>
   <subfield code="2">rdamedia.</subfield>
  </datafield>
  <datafield tag="338" ind1=" " ind2=" ">
   <subfield code="a">volume</subfield>
   <subfield code="b">nc</subfield>
   <subfield code="2">rdacarrier.</subfield>
  </datafield>
  <datafield tag="500" ind1=" " ind2=" ">
   <subfield code="a">First published in German as Jeder stirbt fur sich allein. Berlin : Aufbau, 1947.</subfield>
  </datafield>
  <datafield tag="500" ind1=" " ind2=" ">
   <subfield code="a">Map on lining papers.</subfield>
  </datafield>
  <datafield tag="520" ind1=" " ind2=" ">
   <subfield code="a">This never-before-translated masterpiece is based on a true story. It presents a richly detailed portrait of life in Berlin under the Nazis and tells the sweeping saga of one working-class couple who decides to take a stand when their only son is killed at the front.</subfield>
  </datafield>
  <datafield tag="650" ind1=" " ind2="0">
   <subfield code="a">Holocaust, Jewish (1939-1945)</subfield>
   <subfield code="z">Germany</subfield>
   <subfield code="z">Berlin</subfield>
   <subfield code="v">Fiction.</subfield>
  </datafield>
  <datafield tag="650" ind1=" " ind2="0">
   <subfield code="a">Nazis</subfield>
   <subfield code="z">Germany</subfield>
   <subfield code="z">Berlin</subfield>
   <subfield code="v">Fiction.</subfield>
  </datafield>
  <datafield tag="650" ind1=" " ind2="0">
   <subfield code="a">Anti-Nazi movement</subfield>
   <subfield code="z">Germany</subfield>
   <subfield code="v">Fiction.</subfield>
  </datafield>
  <datafield tag="651" ind1=" " ind2="0">
   <subfield code="a">Germany</subfield>
   <subfield code="x">History</subfield>
   <subfield code="y">1933-1945</subfield>
   <subfield code="v">Fiction.</subfield>
  </datafield>
  <datafield tag="907" ind1=" " ind2=" ">
   <subfield code="a">.b12502650</subfield>
   <subfield code="b">10-31-24</subfield>
   <subfield code="c">05-27-09</subfield>
  </datafield>
  <datafield tag="998" ind1=" " ind2=" ">
   <subfield code="a">m</subfield>
   <subfield code="b">06-16-09</subfield>
   <subfield code="c">m</subfield>
   <subfield code="d">a  </subfield>
   <subfield code="e">-</subfield>
   <subfield code="f">eng</subfield>
   <subfield code="g">nyu</subfield>
   <subfield code="h">0</subfield>
   <subfield code="i">0</subfield>
  </datafield>
  <datafield tag="910" ind1=" " ind2=" ">
   <subfield code="a">RDA ENRICHED</subfield>
  </datafield>
  <datafield tag="910" ind1=" " ind2=" ">
   <subfield code="a">MARS</subfield>
  </datafield>
  <datafield tag="945" ind1=" " ind2=" ">
   <subfield code="a">F Fallada     </subfield>
   <subfield code="g">1</subfield>
   <subfield code="i">31743304470196</subfield>
   <subfield code="l">mms  </subfield>
   <subfield code="o">-</subfield>
   <subfield code="p">$27.00</subfield>
   <subfield code="q">-</subfield>
   <subfield code="r">-</subfield>
   <subfield code="s">-  </subfield>
   <subfield code="t">3</subfield>
   <subfield code="u">54</subfield>
   <subfield code="v">20</subfield>
   <subfield code="w">1</subfield>
   <subfield code="x">1</subfield>
   <subfield code="y">.i18342231</subfield>
   <subfield code="z">06-17-09</subfield>
  </datafield>
 </record>