<record>
  <leader>01469cam a2200373 a 4500</leader>
  <controlfield tag="005">20150808051427.0</controlfield>
  <controlfield tag="008">090223s2009    nyuab  e      000 1 eng  </controlfield>
  <datafield tag="010" ind1=" " ind2=" ">
   <subfield code="a">2009006277</subfield>
  </datafield>
  <datafield tag="020" ind1=" " ind2=" ">
   <subfield code="a">9781594202179 :</subfield>
   <subfield code="c">$27.95</subfield>
  </datafield>
  <datafield tag="020" ind1=" " ind2=" ">
   <subfield code="a">9780143117353 (pbk.) :</subfield>
   <subfield code="c">$18.00</subfield>
  </datafield>
  <datafield tag="020" ind1=" " ind2=" ">
   <subfield code="a">1594202176</subfield>
  </datafield>
  <datafield tag="040" ind1=" " ind2=" ">
   <subfield code="a">DLC</subfield>
   <subfield code="c">DLC</subfield>
   <subfield code="d">BTCTA</subfield>
   <subfield code="d">YDXCP</subfield>
   <subfield code="d">GO3</subfield>
   <subfield code="d">IH9</subfield>
   <subfield code="d">C#P</subfield>
   <subfield code="d">UUC</subfield>
   <subfield code="d">BWX</subfield>
   <subfield code="d">CDX</subfield>
   <subfield code="d">CIN</subfield>
   <subfield code="d">UtOrBLW</subfield>
  </datafield>
  <datafield tag="043" ind1=" " ind2=" ">
   <subfield code="a">n-us-mt</subfield>
  </datafield>
  <datafield tag="049" ind1=" " ind2=" ">
   <subfield code="a">PDV</subfield>
  </datafield>
  <datafield tag="092" ind1=" " ind2=" ">
   <subfield code="a">F</subfield>
   <subfield code="b">Larsen</subfield>
  </datafield>
  <datafield tag="100" ind1="1" ind2=" ">
   <subfield code="a">Larsen, Reif.</subfield>
  </datafield>
  <datafield tag="245" ind1="1" ind2="4">
   <subfield code="a">The selected works of T.S. Spivet /</subfield>
   <subfield code="c">Reif Larsen.</subfield>
  </datafield>
  <datafield tag="264" ind1=" " ind2="1">
   <subfield code="a">New York :</subfield>
   <subfield code="b">Penguin Press,</subfield>
   <subfield code="c">2009.</subfield>
  </datafield>
  <datafield tag="300" ind1=" " ind2=" ">
   <subfield code="a">374 pages :</subfield>
   <subfield code="b">illustrations, maps ;</subfield>
   <subfield code="c">24 cm</subfield>
  </datafield>
  <datafield tag="336" ind1=" " ind2=" ">
   <subfield code="a">text</subfield>
   <subfield code="b">txt</subfield>
   <subfield code="2">rdacontent</subfield>
  </datafield>
  <datafield tag="337" ind1=" " ind2=" ">
   <subfield code="a">unmediated</subfield>
   <subfield code="b">n</subfield>
   <subfield code="2">rdamedia</subfield>
  </datafield>
  <datafield tag="338" ind1=" " ind2=" ">
   <subfield code="a">volume</subfield>
   <subfield code="b">nc</subfield>
   <subfield code="2">rdacarrier</subfield>
  </datafield>
  <datafield tag="650" ind1=" " ind2="0">
   <subfield code="a">Spivet, T. S. (Fictitious character)</subfield>
   <subfield code="v">Fiction.</subfield>
  </datafield>
  <datafield tag="650" ind1=" " ind2="0">
   <subfield code="a">Gifted boys</subfield>
   <subfield code="z">Montana</subfield>
   <subfield code="v">Fiction.</subfield>
  </datafield>
  <datafield tag="650" ind1=" " ind2="0">
   <subfield code="a">Ranch life</subfield>
   <subfield code="z">Montana</subfield>
   <subfield code="v">Fiction.</subfield>
  </datafield>
  <datafield tag="650" ind1=" " ind2="0">
   <subfield code="a">Cartography</subfield>
   <subfield code="v">Fiction.</subfield>
  </datafield>
  <datafield tag="650" ind1=" " ind2="0">
   <subfield code="a">Voyages and travels</subfield>
   <subfield code="v">Fiction.</subfield>
  </datafield>
  <datafield tag="907" ind1=" " ind2=" ">
   <subfield code="a">.b12502753</subfield>
   <subfield code="b">03-08-24</subfield>
   <subfield code="c">05-27-09</subfield>
  </datafield>
  <datafield tag="998" ind1=" " ind2=" ">
   <subfield code="a">(2)m</subfield>
   <subfield code="a">s</subfield>
   <subfield code="b">06-19-09</subfield>
   <subfield code="c">m</subfield>
   <subfield code="d">a  </subfield>
   <subfield code="e">-</subfield>
   <subfield code="f">eng</subfield>
   <subfield code="g">nyu</subfield>
   <subfield code="h">4</subfield>
   <subfield code="i">10</subfield>
  </datafield>
  <datafield tag="910" ind1=" " ind2=" ">
   <subfield code="a">RDA ENRICHED</subfield>
  </datafield>
  <datafield tag="910" ind1=" " ind2=" ">
   <subfield code="a">MARS</subfield>
  </datafield>
  <datafield tag="945" ind1=" " ind2=" ">
   <subfield code="a">F Larsen     </subfield>
   <subfield code="g">1</subfield>
   <subfield code="i">31743304279191</subfield>
   <subfield code="l">mms  </subfield>
   <subfield code="o">-</subfield>
   <subfield code="p">$27.95</subfield>
   <subfield code="q">-</subfield>
   <subfield code="r">-</subfield>
   <subfield code="s">-  </subfield>
   <subfield code="t">3</subfield>
   <subfield code="u">39</subfield>
   <subfield code="v">11</subfield>
   <subfield code="w">0</subfield>
   <subfield code="x">1</subfield>
   <subfield code="y">.i18345542</subfield>
   <subfield code="z">06-19-09</subfield>
  </datafield>
  <datafield tag="945" ind1=" " ind2=" ">
   <subfield code="a">F Larsen     </subfield>
   <subfield code="g">1</subfield>
   <subfield code="i">31743307160307</subfield>
   <subfield code="l">mms  </subfield>
   <subfield code="o">-</subfield>
   <subfield code="p">$18.00</subfield>
   <subfield code="q">-</subfield>
   <subfield code="r">-</subfield>
   <subfield code="s">-  </subfield>
   <subfield code="t">3</subfield>
   <subfield code="u">7</subfield>
   <subfield code="v">8</subfield>
   <subfield code="w">1</subfield>
   <subfield code="x">2</subfield>
   <subfield code="y">.i21008322</subfield>
   <subfield code="z">08-25-15</subfield>
  </datafield>
  <datafield tag="945" ind1=" " ind2=" ">
   <subfield code="a">F Larsen     </subfield>
   <subfield code="g">1</subfield>
   <subfield code="i">31743307160323</subfield>
   <subfield code="l">sms  </subfield>
   <subfield code="o">-</subfield>
   <subfield code="p">$18.00</subfield>
   <subfield code="q">-</subfield>
   <subfield code="r">-</subfield>
   <subfield code="s">-  </subfield>
   <subfield code="t">3</subfield>
   <subfield code="u">3</subfield>
   <subfield code="v">4</subfield>
   <subfield code="w">0</subfield>
   <subfield code="x">0</subfield>
   <subfield code="y">.i21008346</subfield>
   <subfield code="z">08-25-15</subfield>
  </datafield>
 </record>