<record>
  <leader>01287nam a2200373 a 4500</leader>
  <controlfield tag="005">20150808051428.0</controlfield>
  <controlfield tag="008">090529s2009    scuab         001 0 eng d</controlfield>
  <datafield tag="020" ind1=" " ind2=" ">
   <subfield code="a">9781906261429 (pbk.) :</subfield>
   <subfield code="c">$21.99</subfield>
  </datafield>
  <datafield tag="040" ind1=" " ind2=" ">
   <subfield code="a">PDV</subfield>
   <subfield code="c">PDV</subfield>
   <subfield code="d">UtOrBLW</subfield>
  </datafield>
  <datafield tag="043" ind1=" " ind2=" ">
   <subfield code="a">e-gr---</subfield>
  </datafield>
  <datafield tag="049" ind1=" " ind2=" ">
   <subfield code="a">PDV</subfield>
  </datafield>
  <datafield tag="092" ind1=" " ind2=" ">
   <subfield code="a">914.95</subfield>
   <subfield code="b">Sheehan</subfield>
  </datafield>
  <datafield tag="100" ind1="1" ind2=" ">
   <subfield code="a">Sheehan, Sean,</subfield>
   <subfield code="d">1951-</subfield>
  </datafield>
  <datafield tag="245" ind1="1" ind2="0">
   <subfield code="a">Greece /</subfield>
   <subfield code="c">[principle writer, Sean Sheehan ; editor, Rachel Mills].</subfield>
  </datafield>
  <datafield tag="246" ind1="3" ind2="4">
   <subfield code="a">Michelin Greece</subfield>
  </datafield>
  <datafield tag="246" ind1="3" ind2="3">
   <subfield code="a">Green guide Greece</subfield>
  </datafield>
  <datafield tag="264" ind1=" " ind2="1">
   <subfield code="a">Greenville, S.C. :</subfield>
   <subfield code="b">Michelin Apa Publications,</subfield>
   <subfield code="c">2009.</subfield>
  </datafield>
  <datafield tag="300" ind1=" " ind2=" ">
   <subfield code="a">480 pages :</subfield>
   <subfield code="b">illustrations (chiefly color), maps ;</subfield>
   <subfield code="c">23 cm.</subfield>
  </datafield>
  <datafield tag="336" ind1=" " ind2=" ">
   <subfield code="a">text</subfield>
   <subfield code="b">txt</subfield>
   <subfield code="2">rdacontent</subfield>
  </datafield>
  <datafield tag="337" ind1=" " ind2=" ">
   <subfield code="a">unmediated</subfield>
   <subfield code="b">n</subfield>
   <subfield code="2">rdamedia</subfield>
  </datafield>
  <datafield tag="338" ind1=" " ind2=" ">
   <subfield code="a">volume</subfield>
   <subfield code="b">nc</subfield>
   <subfield code="2">rdacarrier</subfield>
  </datafield>
  <datafield tag="490" ind1="1" ind2=" ">
   <subfield code="a">The green guides</subfield>
  </datafield>
  <datafield tag="500" ind1=" " ind2=" ">
   <subfield code="a">Includes index.</subfield>
  </datafield>
  <datafield tag="651" ind1=" " ind2="0">
   <subfield code="a">Greece</subfield>
   <subfield code="v">Guidebooks.</subfield>
  </datafield>
  <datafield tag="650" ind1=" " ind2="0">
   <subfield code="a">Automobiles</subfield>
   <subfield code="x">Road guide</subfield>
   <subfield code="z">Greece.</subfield>
  </datafield>
  <datafield tag="700" ind1="1" ind2=" ">
   <subfield code="a">Mills, Rachel,</subfield>
   <subfield code="e">editor.</subfield>
  </datafield>
  <datafield tag="710" ind1="2" ind2=" ">
   <subfield code="a">Michelin Tyre PLC.</subfield>
  </datafield>
  <datafield tag="730" ind1="4" ind2=" ">
   <subfield code="a">The green guide.</subfield>
  </datafield>
  <datafield tag="830" ind1=" " ind2="0">
   <subfield code="a">Michelin green guides.</subfield>
  </datafield>
  <datafield tag="907" ind1=" " ind2=" ">
   <subfield code="a">.b12503058</subfield>
   <subfield code="b">07-14-22</subfield>
   <subfield code="c">05-29-09</subfield>
  </datafield>
  <datafield tag="998" ind1=" " ind2=" ">
   <subfield code="a">r</subfield>
   <subfield code="b">05-29-09</subfield>
   <subfield code="c">m</subfield>
   <subfield code="d">a  </subfield>
   <subfield code="e">-</subfield>
   <subfield code="f">eng</subfield>
   <subfield code="g">scu</subfield>
   <subfield code="h">0</subfield>
   <subfield code="i">0</subfield>
  </datafield>
  <datafield tag="910" ind1=" " ind2=" ">
   <subfield code="a">RDA ENRICHED</subfield>
  </datafield>
  <datafield tag="910" ind1=" " ind2=" ">
   <subfield code="a">MARS</subfield>
  </datafield>
  <datafield tag="945" ind1=" " ind2=" ">
   <subfield code="a">914.95 Sheehan     </subfield>
   <subfield code="g">1</subfield>
   <subfield code="i">31743304466053</subfield>
   <subfield code="l">rms  </subfield>
   <subfield code="o">-</subfield>
   <subfield code="p">$21.99</subfield>
   <subfield code="q">-</subfield>
   <subfield code="r">-</subfield>
   <subfield code="s">-  </subfield>
   <subfield code="t">2</subfield>
   <subfield code="u">31</subfield>
   <subfield code="v">19</subfield>
   <subfield code="w">1</subfield>
   <subfield code="x">2</subfield>
   <subfield code="y">.i18329731</subfield>
   <subfield code="z">06-01-09</subfield>
  </datafield>
 </record>