<record>
  <leader>02098cam a2200505Ia 4500</leader>
  <controlfield tag="001">ocn300289605</controlfield>
  <controlfield tag="005">20150808051428.0</controlfield>
  <controlfield tag="008">090129s2009    caua   j      000 c eng  </controlfield>
  <datafield tag="020" ind1=" " ind2=" ">
   <subfield code="a">9781421521725 (pbk.) :</subfield>
   <subfield code="c">$7.95</subfield>
  </datafield>
  <datafield tag="020" ind1=" " ind2=" ">
   <subfield code="a">1421521725</subfield>
  </datafield>
  <datafield tag="040" ind1=" " ind2=" ">
   <subfield code="a">Y2A</subfield>
   <subfield code="c">Y2A</subfield>
   <subfield code="d">NAB</subfield>
   <subfield code="d">UtOrBLW</subfield>
  </datafield>
  <datafield tag="041" ind1="1" ind2=" ">
   <subfield code="a">eng</subfield>
   <subfield code="h">jpn</subfield>
  </datafield>
  <datafield tag="043" ind1=" " ind2=" ">
   <subfield code="a">a-ja---</subfield>
  </datafield>
  <datafield tag="049" ind1=" " ind2=" ">
   <subfield code="a">PDV</subfield>
  </datafield>
  <datafield tag="092" ind1=" " ind2=" ">
   <subfield code="a">YA PB</subfield>
   <subfield code="b">Koshimoto</subfield>
  </datafield>
  <datafield tag="100" ind1="1" ind2=" ">
   <subfield code="a">Kishimoto, Masashi,</subfield>
   <subfield code="d">1974-</subfield>
  </datafield>
  <datafield tag="245" ind1="1" ind2="0">
   <subfield code="a">Naruto.</subfield>
   <subfield code="n">Vol. 36,</subfield>
   <subfield code="p">Cell number 10 /</subfield>
   <subfield code="c">story and art by Masashi Kishimoto ; [translation, Mari Morimoto ; English adaptation, Deric A. Hughes &amp; Benjamin Raab].</subfield>
  </datafield>
  <datafield tag="246" ind1="3" ind2="0">
   <subfield code="a">Cell number 10.</subfield>
  </datafield>
  <datafield tag="246" ind1="3" ind2=" ">
   <subfield code="a">Cell number ten.</subfield>
  </datafield>
  <datafield tag="250" ind1=" " ind2=" ">
   <subfield code="a">Shonen Jump manga ed.</subfield>
  </datafield>
  <datafield tag="264" ind1=" " ind2="1">
   <subfield code="a">San Francisco, Calif. :</subfield>
   <subfield code="b">Viz Media,</subfield>
   <subfield code="c">[2009]</subfield>
  </datafield>
  <datafield tag="264" ind1=" " ind2="4">
   <subfield code="c">c2009.</subfield>
  </datafield>
  <datafield tag="300" ind1=" " ind2=" ">
   <subfield code="a">182 pages :</subfield>
   <subfield code="b">chiefly illustrations ;</subfield>
   <subfield code="c">19 cm.</subfield>
  </datafield>
  <datafield tag="336" ind1=" " ind2=" ">
   <subfield code="a">text</subfield>
   <subfield code="b">txt</subfield>
   <subfield code="2">rdacontent.</subfield>
  </datafield>
  <datafield tag="337" ind1=" " ind2=" ">
   <subfield code="a">unmediated</subfield>
   <subfield code="b">n</subfield>
   <subfield code="2">rdamedia.</subfield>
  </datafield>
  <datafield tag="338" ind1=" " ind2=" ">
   <subfield code="a">volume</subfield>
   <subfield code="b">nc</subfield>
   <subfield code="2">rdacarrier.</subfield>
  </datafield>
  <datafield tag="440" ind1=" " ind2="0">
   <subfield code="a">Naruto ;</subfield>
   <subfield code="v">v. 36.</subfield>
  </datafield>
  <datafield tag="546" ind1=" " ind2=" ">
   <subfield code="a">Translated from the Japanese.</subfield>
  </datafield>
  <datafield tag="500" ind1=" " ind2=" ">
   <subfield code="a">"This book reads from right to left" -- page [4] of cover.</subfield>
  </datafield>
  <datafield tag="500" ind1=" " ind2=" ">
   <subfield code="a">"First published in Japan in 1999 by Shueisha Inc., Tokyo."</subfield>
  </datafield>
  <datafield tag="650" ind1=" " ind2="0">
   <subfield code="a">Ninja</subfield>
   <subfield code="z">Japan</subfield>
   <subfield code="v">Comic books, strips, etc.</subfield>
   <subfield code="v">Young adult fiction.</subfield>
  </datafield>
  <datafield tag="650" ind1=" " ind2="0">
   <subfield code="a">Comic books, strips, etc.</subfield>
   <subfield code="z">Japan</subfield>
   <subfield code="v">Young adult fiction.</subfield>
  </datafield>
  <datafield tag="650" ind1=" " ind2="0">
   <subfield code="a">Comic books, strips, etc.</subfield>
   <subfield code="v">Young adult fiction.</subfield>
  </datafield>
  <datafield tag="650" ind1=" " ind2="0">
   <subfield code="a">Manga</subfield>
   <subfield code="v">Young adult fiction.</subfield>
  </datafield>
  <datafield tag="650" ind1=" " ind2="0">
   <subfield code="a">Graphic novels</subfield>
   <subfield code="z">Japan</subfield>
   <subfield code="v">Young adult fiction.</subfield>
  </datafield>
  <datafield tag="700" ind1="1" ind2=" ">
   <subfield code="a">Hughes, Deric A.</subfield>
  </datafield>
  <datafield tag="700" ind1="1" ind2=" ">
   <subfield code="a">Raab, Ben.</subfield>
  </datafield>
  <datafield tag="700" ind1="1" ind2=" ">
   <subfield code="a">Morimoto, Mari.</subfield>
  </datafield>
  <datafield tag="907" ind1=" " ind2=" ">
   <subfield code="a">.b12503095</subfield>
   <subfield code="b">01-15-25</subfield>
   <subfield code="c">05-29-09</subfield>
  </datafield>
  <datafield tag="998" ind1=" " ind2=" ">
   <subfield code="a">x</subfield>
   <subfield code="a">a</subfield>
   <subfield code="a">r</subfield>
   <subfield code="b">06-17-09</subfield>
   <subfield code="c">m</subfield>
   <subfield code="d">a  </subfield>
   <subfield code="e">-</subfield>
   <subfield code="f">eng</subfield>
   <subfield code="g">cau</subfield>
   <subfield code="h">0</subfield>
   <subfield code="i">4</subfield>
  </datafield>
  <datafield tag="910" ind1=" " ind2=" ">
   <subfield code="a">RDA ENRICHED</subfield>
  </datafield>
  <datafield tag="910" ind1=" " ind2=" ">
   <subfield code="a">MARS</subfield>
  </datafield>
  <datafield tag="945" ind1=" " ind2=" ">
   <subfield code="a">YA PB Kishimoto     </subfield>
   <subfield code="g">1</subfield>
   <subfield code="i">31743304278490</subfield>
   <subfield code="l">xya  </subfield>
   <subfield code="o">-</subfield>
   <subfield code="p">$7.95</subfield>
   <subfield code="q">-</subfield>
   <subfield code="r">-</subfield>
   <subfield code="s">-  </subfield>
   <subfield code="t">74</subfield>
   <subfield code="u">14</subfield>
   <subfield code="v">2</subfield>
   <subfield code="w">0</subfield>
   <subfield code="x">1</subfield>
   <subfield code="y">.i18343648</subfield>
   <subfield code="z">06-18-09</subfield>
  </datafield>
  <datafield tag="945" ind1=" " ind2=" ">
   <subfield code="a">YA PB Kishimoto     </subfield>
   <subfield code="g">1</subfield>
   <subfield code="i">31743304278474</subfield>
   <subfield code="l">ayagn</subfield>
   <subfield code="o">-</subfield>
   <subfield code="p">$7.95</subfield>
   <subfield code="q">-</subfield>
   <subfield code="r">-</subfield>
   <subfield code="s">-  </subfield>
   <subfield code="t">74</subfield>
   <subfield code="u">59</subfield>
   <subfield code="v">15</subfield>
   <subfield code="w">4</subfield>
   <subfield code="x">3</subfield>
   <subfield code="y">.i18343624</subfield>
   <subfield code="z">06-18-09</subfield>
  </datafield>
  <datafield tag="945" ind1=" " ind2=" ">
   <subfield code="a">YA PB Kishimoto     </subfield>
   <subfield code="g">1</subfield>
   <subfield code="i">31743309164646</subfield>
   <subfield code="l">rmang</subfield>
   <subfield code="o">-</subfield>
   <subfield code="p">$9.99</subfield>
   <subfield code="q">-</subfield>
   <subfield code="r">-</subfield>
   <subfield code="s">-  </subfield>
   <subfield code="t">74</subfield>
   <subfield code="u">37</subfield>
   <subfield code="v">4</subfield>
   <subfield code="w">4</subfield>
   <subfield code="x">7</subfield>
   <subfield code="y">.i22882273</subfield>
   <subfield code="z">08-23-19</subfield>
  </datafield>
 </record>