<record>
  <leader>02533nam a2200529 a 4500</leader>
  <controlfield tag="001">bwi12286930 </controlfield>
  <controlfield tag="005">20150808051428.0</controlfield>
  <controlfield tag="008">090316s2009    caua          000 c eng d</controlfield>
  <datafield tag="020" ind1=" " ind2=" ">
   <subfield code="a">9781421521749 (pbk.) :</subfield>
   <subfield code="c">$7.95</subfield>
  </datafield>
  <datafield tag="020" ind1=" " ind2=" ">
   <subfield code="a">1421521741</subfield>
  </datafield>
  <datafield tag="020" ind1=" " ind2=" ">
   <subfield code="a">9780329709365 (Follett bdg.)</subfield>
  </datafield>
  <datafield tag="020" ind1=" " ind2=" ">
   <subfield code="a">0329709364 (Follett bdg.)</subfield>
  </datafield>
  <datafield tag="040" ind1=" " ind2=" ">
   <subfield code="a">ICrlF</subfield>
   <subfield code="c">ICrlF</subfield>
   <subfield code="d">ICrlF</subfield>
   <subfield code="d">CoLwJCPL</subfield>
   <subfield code="d">UtOrBLW</subfield>
  </datafield>
  <datafield tag="041" ind1="1" ind2=" ">
   <subfield code="a">eng</subfield>
   <subfield code="h">jpn</subfield>
  </datafield>
  <datafield tag="049" ind1=" " ind2=" ">
   <subfield code="a">PDV</subfield>
  </datafield>
  <datafield tag="092" ind1=" " ind2=" ">
   <subfield code="a">YA PB</subfield>
   <subfield code="b">Kishimoto</subfield>
  </datafield>
  <datafield tag="100" ind1="1" ind2=" ">
   <subfield code="a">Kishimoto, Masashi,</subfield>
   <subfield code="d">1974-</subfield>
  </datafield>
  <datafield tag="245" ind1="1" ind2="0">
   <subfield code="a">Naruto.</subfield>
   <subfield code="n">Vol. 38,</subfield>
   <subfield code="p">Practice makes perfect /</subfield>
   <subfield code="c">story and art by Masashi Kishimoto ; [translation, Mari Morimoto ; English adaptation, Naomi Kokubo &amp; Eric-Jon Rossel Waugh].</subfield>
  </datafield>
  <datafield tag="246" ind1="3" ind2="0">
   <subfield code="a">Practice makes perfect.</subfield>
  </datafield>
  <datafield tag="250" ind1=" " ind2=" ">
   <subfield code="a">Shonen Jump manga ed.</subfield>
  </datafield>
  <datafield tag="264" ind1=" " ind2="1">
   <subfield code="a">San Francisco :</subfield>
   <subfield code="b">VIZ Media,</subfield>
   <subfield code="c">[2009]</subfield>
  </datafield>
  <datafield tag="300" ind1=" " ind2=" ">
   <subfield code="a">189 pages :</subfield>
   <subfield code="b">chiefly illustrations ;</subfield>
   <subfield code="c">19 cm.</subfield>
  </datafield>
  <datafield tag="336" ind1=" " ind2=" ">
   <subfield code="a">text</subfield>
   <subfield code="b">txt</subfield>
   <subfield code="2">rdacontent.</subfield>
  </datafield>
  <datafield tag="337" ind1=" " ind2=" ">
   <subfield code="a">unmediated</subfield>
   <subfield code="b">n</subfield>
   <subfield code="2">rdamedia.</subfield>
  </datafield>
  <datafield tag="338" ind1=" " ind2=" ">
   <subfield code="a">volume</subfield>
   <subfield code="b">nc</subfield>
   <subfield code="2">rdacarrier.</subfield>
  </datafield>
  <datafield tag="440" ind1=" " ind2="0">
   <subfield code="a">Naruto ;</subfield>
   <subfield code="v">v. 38.</subfield>
  </datafield>
  <datafield tag="520" ind1=" " ind2=" ">
   <subfield code="a">Ninja-in-training Naruto must use all the ninja skills he has in order to keep Sasuke from falling under Orochimaru's spell.</subfield>
  </datafield>
  <datafield tag="500" ind1=" " ind2=" ">
   <subfield code="a">Translated from the Japanese.</subfield>
  </datafield>
  <datafield tag="500" ind1=" " ind2=" ">
   <subfield code="a">"First published in Japan in 1999 by Shueisha Inc., Tokyo"--P. facing title page.</subfield>
  </datafield>
  <datafield tag="500" ind1=" " ind2=" ">
   <subfield code="a">"This book reads from right to left"--Cover page [4].</subfield>
  </datafield>
  <datafield tag="650" ind1=" " ind2="0">
   <subfield code="a">Pariahs</subfield>
   <subfield code="v">Comic books, strips, etc.</subfield>
   <subfield code="v">Young adult fiction.</subfield>
  </datafield>
  <datafield tag="650" ind1=" " ind2="0">
   <subfield code="a">Competition (Psychology)</subfield>
   <subfield code="v">Comic books, strips, etc.</subfield>
   <subfield code="v">Young adult fiction.</subfield>
  </datafield>
  <datafield tag="650" ind1=" " ind2="0">
   <subfield code="a">Ninja</subfield>
   <subfield code="z">Japan</subfield>
   <subfield code="v">Comic books, strips, etc.</subfield>
   <subfield code="v">Young adult fiction.</subfield>
  </datafield>
  <datafield tag="650" ind1=" " ind2="0">
   <subfield code="a">Comic books, strips, etc.</subfield>
   <subfield code="z">Japan</subfield>
   <subfield code="v">Young adult fiction.</subfield>
  </datafield>
  <datafield tag="650" ind1=" " ind2="0">
   <subfield code="a">Comic books, strips, etc.</subfield>
   <subfield code="v">Young adult fiction.</subfield>
  </datafield>
  <datafield tag="650" ind1=" " ind2="0">
   <subfield code="a">Manga</subfield>
   <subfield code="v">Young adult fiction.</subfield>
  </datafield>
  <datafield tag="650" ind1=" " ind2="0">
   <subfield code="a">Graphic novels</subfield>
   <subfield code="z">Japan</subfield>
   <subfield code="v">Young adult fiction.</subfield>
  </datafield>
  <datafield tag="700" ind1="1" ind2=" ">
   <subfield code="a">Morimoto, Mari,</subfield>
   <subfield code="e">translator.</subfield>
  </datafield>
  <datafield tag="700" ind1="1" ind2=" ">
   <subfield code="a">Kokubo, Naomi.</subfield>
  </datafield>
  <datafield tag="700" ind1="1" ind2=" ">
   <subfield code="a">Waugh, Eric-Jon Rossel.</subfield>
  </datafield>
  <datafield tag="907" ind1=" " ind2=" ">
   <subfield code="a">.b12503113</subfield>
   <subfield code="b">01-15-25</subfield>
   <subfield code="c">05-29-09</subfield>
  </datafield>
  <datafield tag="998" ind1=" " ind2=" ">
   <subfield code="a">m</subfield>
   <subfield code="a">a</subfield>
   <subfield code="a">r</subfield>
   <subfield code="b">06-17-09</subfield>
   <subfield code="c">m</subfield>
   <subfield code="d">a  </subfield>
   <subfield code="e">-</subfield>
   <subfield code="f">eng</subfield>
   <subfield code="g">cau</subfield>
   <subfield code="h">0</subfield>
   <subfield code="i">4</subfield>
  </datafield>
  <datafield tag="910" ind1=" " ind2=" ">
   <subfield code="a">RDA ENRICHED</subfield>
  </datafield>
  <datafield tag="910" ind1=" " ind2=" ">
   <subfield code="a">MARS</subfield>
  </datafield>
  <datafield tag="945" ind1=" " ind2=" ">
   <subfield code="a">YA PB Kishimoto     </subfield>
   <subfield code="g">1</subfield>
   <subfield code="i">31743304470923</subfield>
   <subfield code="l">mya  </subfield>
   <subfield code="o">n</subfield>
   <subfield code="p">$7.95</subfield>
   <subfield code="q">-</subfield>
   <subfield code="r">-</subfield>
   <subfield code="s">n  </subfield>
   <subfield code="t">74</subfield>
   <subfield code="u">30</subfield>
   <subfield code="v">10</subfield>
   <subfield code="w">0</subfield>
   <subfield code="x">0</subfield>
   <subfield code="y">.i18343740</subfield>
   <subfield code="z">06-18-09</subfield>
  </datafield>
  <datafield tag="945" ind1=" " ind2=" ">
   <subfield code="a">YA PB Kishimoto     </subfield>
   <subfield code="g">1</subfield>
   <subfield code="i">31743304470907</subfield>
   <subfield code="l">ayagn</subfield>
   <subfield code="o">-</subfield>
   <subfield code="p">$7.95</subfield>
   <subfield code="q">-</subfield>
   <subfield code="r">-</subfield>
   <subfield code="s">-  </subfield>
   <subfield code="t">74</subfield>
   <subfield code="u">65</subfield>
   <subfield code="v">9</subfield>
   <subfield code="w">4</subfield>
   <subfield code="x">1</subfield>
   <subfield code="y">.i18343727</subfield>
   <subfield code="z">06-18-09</subfield>
  </datafield>
  <datafield tag="945" ind1=" " ind2=" ">
   <subfield code="a">YA PB Kishimoto     </subfield>
   <subfield code="g">1</subfield>
   <subfield code="i">31743304470915</subfield>
   <subfield code="l">rmang</subfield>
   <subfield code="n">Thu Jan 12 2023: Bill $12.95, lost by .p12215326</subfield>
   <subfield code="o">-</subfield>
   <subfield code="p">$7.95</subfield>
   <subfield code="q">-</subfield>
   <subfield code="r">-</subfield>
   <subfield code="s">-  </subfield>
   <subfield code="t">74</subfield>
   <subfield code="u">138</subfield>
   <subfield code="v">19</subfield>
   <subfield code="w">5</subfield>
   <subfield code="x">7</subfield>
   <subfield code="y">.i18343739</subfield>
   <subfield code="z">06-18-09</subfield>
  </datafield>
 </record>