<record>
  <leader>01810cam a2200385 a 4500</leader>
  <controlfield tag="005">20150808051429.0</controlfield>
  <controlfield tag="008">080529r20092007maub          000 0aeng  </controlfield>
  <datafield tag="010" ind1=" " ind2=" ">
   <subfield code="a">2008023788</subfield>
  </datafield>
  <datafield tag="020" ind1=" " ind2=" ">
   <subfield code="a">9780151013425</subfield>
  </datafield>
  <datafield tag="020" ind1=" " ind2=" ">
   <subfield code="a">015101342X :</subfield>
   <subfield code="c">$25.00</subfield>
  </datafield>
  <datafield tag="040" ind1=" " ind2=" ">
   <subfield code="a">DLC</subfield>
   <subfield code="c">DLC</subfield>
   <subfield code="d">BTCTA</subfield>
   <subfield code="d">BAKER</subfield>
   <subfield code="d">YDXCP</subfield>
   <subfield code="d">UPZ</subfield>
   <subfield code="d">C#P</subfield>
   <subfield code="d">BWX</subfield>
   <subfield code="d">DLC</subfield>
   <subfield code="d">UtOrBLW</subfield>
  </datafield>
  <datafield tag="043" ind1=" " ind2=" ">
   <subfield code="a">a-cc-pe</subfield>
  </datafield>
  <datafield tag="049" ind1=" " ind2=" ">
   <subfield code="a">PDV</subfield>
  </datafield>
  <datafield tag="092" ind1=" " ind2=" ">
   <subfield code="a">92</subfield>
   <subfield code="b">Wong, Jan</subfield>
  </datafield>
  <datafield tag="100" ind1="1" ind2=" ">
   <subfield code="a">Wong, Jan.</subfield>
  </datafield>
  <datafield tag="245" ind1="1" ind2="2">
   <subfield code="a">A comrade lost and found :</subfield>
   <subfield code="b">a Beijing story /</subfield>
   <subfield code="c">Jan Wong.</subfield>
  </datafield>
  <datafield tag="264" ind1=" " ind2="1">
   <subfield code="a">Boston :</subfield>
   <subfield code="b">Houghton Mifflin Harcourt,</subfield>
   <subfield code="c">2009.</subfield>
  </datafield>
  <datafield tag="300" ind1=" " ind2=" ">
   <subfield code="a">322 pages :</subfield>
   <subfield code="b">maps ;</subfield>
   <subfield code="c">22 cm</subfield>
  </datafield>
  <datafield tag="336" ind1=" " ind2=" ">
   <subfield code="a">text</subfield>
   <subfield code="b">txt</subfield>
   <subfield code="2">rdacontent</subfield>
  </datafield>
  <datafield tag="337" ind1=" " ind2=" ">
   <subfield code="a">unmediated</subfield>
   <subfield code="b">n</subfield>
   <subfield code="2">rdamedia</subfield>
  </datafield>
  <datafield tag="338" ind1=" " ind2=" ">
   <subfield code="a">volume</subfield>
   <subfield code="b">nc</subfield>
   <subfield code="2">rdacarrier</subfield>
  </datafield>
  <datafield tag="500" ind1=" " ind2=" ">
   <subfield code="a">Originally published as: Beijing confidential : a tale of comrades lost and found. Toronto : Doubleday Canada, c2007.</subfield>
  </datafield>
  <datafield tag="520" ind1=" " ind2=" ">
   <subfield code="a">A journalist's search through Beijing for the classmate she betrayed during the Cultural Revolution reveals three decades of Chinese transformation.</subfield>
  </datafield>
  <datafield tag="600" ind1="1" ind2="0">
   <subfield code="a">Wong, Jan</subfield>
   <subfield code="x">Travel</subfield>
   <subfield code="z">China.</subfield>
  </datafield>
  <datafield tag="651" ind1=" " ind2="0">
   <subfield code="a">Beijing (China)</subfield>
   <subfield code="x">Description and travel.</subfield>
  </datafield>
  <datafield tag="700" ind1="1" ind2=" ">
   <subfield code="a">Wong, Jan.</subfield>
   <subfield code="t">Beijing confidential.</subfield>
  </datafield>
  <datafield tag="856" ind1="4" ind2="2">
   <subfield code="z">Contributor biographical information</subfield>
   <subfield code="u">http://www.loc.gov/catdir/enhancements/fy0907/2008023788-b.html</subfield>
  </datafield>
  <datafield tag="856" ind1="4" ind2="2">
   <subfield code="z">Publisher description</subfield>
   <subfield code="u">http://www.loc.gov/catdir/enhancements/fy0907/2008023788-d.html</subfield>
  </datafield>
  <datafield tag="856" ind1="4" ind2="1">
   <subfield code="z">Sample text</subfield>
   <subfield code="u">http://www.loc.gov/catdir/enhancements/fy0907/2008023788-s.html</subfield>
  </datafield>
  <datafield tag="856" ind1="4" ind2="1">
   <subfield code="z">Table of contents only</subfield>
   <subfield code="u">http://www.loc.gov/catdir/enhancements/fy0907/2008023788-t.html</subfield>
  </datafield>
  <datafield tag="907" ind1=" " ind2=" ">
   <subfield code="a">.b12503277</subfield>
   <subfield code="b">08-11-22</subfield>
   <subfield code="c">06-01-09</subfield>
  </datafield>
  <datafield tag="998" ind1=" " ind2=" ">
   <subfield code="a">m</subfield>
   <subfield code="b">06-18-09</subfield>
   <subfield code="c">m</subfield>
   <subfield code="d">a  </subfield>
   <subfield code="e">-</subfield>
   <subfield code="f">eng</subfield>
   <subfield code="g">mau</subfield>
   <subfield code="h">2</subfield>
   <subfield code="i">0</subfield>
  </datafield>
  <datafield tag="910" ind1=" " ind2=" ">
   <subfield code="a">RDA ENRICHED</subfield>
  </datafield>
  <datafield tag="910" ind1=" " ind2=" ">
   <subfield code="a">MARS</subfield>
  </datafield>
  <datafield tag="945" ind1=" " ind2=" ">
   <subfield code="a">92 Wong, Jan     </subfield>
   <subfield code="g">1</subfield>
   <subfield code="i">31743304471095</subfield>
   <subfield code="l">mms  </subfield>
   <subfield code="o">-</subfield>
   <subfield code="p">$25.00</subfield>
   <subfield code="q">-</subfield>
   <subfield code="r">-</subfield>
   <subfield code="s">-  </subfield>
   <subfield code="t">2</subfield>
   <subfield code="u">18</subfield>
   <subfield code="v">14</subfield>
   <subfield code="w">0</subfield>
   <subfield code="x">0</subfield>
   <subfield code="y">.i18344537</subfield>
   <subfield code="z">06-18-09</subfield>
  </datafield>
 </record>