<record>
  <leader>01951cam a2200361 a 4500</leader>
  <controlfield tag="001">  2008297360</controlfield>
  <controlfield tag="005">20150808051429.0</controlfield>
  <controlfield tag="008">080320s2007    pauab    b    001 0 eng d</controlfield>
  <datafield tag="020" ind1=" " ind2=" ">
   <subfield code="a">9780306815850 :</subfield>
   <subfield code="c">$27.95</subfield>
  </datafield>
  <datafield tag="020" ind1=" " ind2=" ">
   <subfield code="a">0306815850</subfield>
  </datafield>
  <datafield tag="040" ind1=" " ind2=" ">
   <subfield code="a">BTCTA</subfield>
   <subfield code="c">BTCTA</subfield>
   <subfield code="d">BAKER</subfield>
   <subfield code="d">WIQ</subfield>
   <subfield code="d">NSB</subfield>
   <subfield code="d">YDXCP</subfield>
   <subfield code="d">NSB</subfield>
   <subfield code="d">WRO</subfield>
   <subfield code="d">SUC</subfield>
   <subfield code="d">OCLCQ</subfield>
   <subfield code="d">NLGGC</subfield>
   <subfield code="d">DLC</subfield>
   <subfield code="d">UtOrBLW</subfield>
  </datafield>
  <datafield tag="043" ind1=" " ind2=" ">
   <subfield code="a">aw-----</subfield>
   <subfield code="a">ff-----</subfield>
   <subfield code="a">e-sp---</subfield>
  </datafield>
  <datafield tag="049" ind1=" " ind2=" ">
   <subfield code="a">PDV</subfield>
  </datafield>
  <datafield tag="092" ind1=" " ind2=" ">
   <subfield code="a">909.0976</subfield>
   <subfield code="b">Kennedy</subfield>
  </datafield>
  <datafield tag="100" ind1="1" ind2=" ">
   <subfield code="a">Kennedy, Hugh</subfield>
   <subfield code="q">(Hugh N.)</subfield>
  </datafield>
  <datafield tag="245" ind1="1" ind2="4">
   <subfield code="a">The great Arab conquests :</subfield>
   <subfield code="b">how the spread of Islam changed the world we live in /</subfield>
   <subfield code="c">Hugh Kennedy.</subfield>
  </datafield>
  <datafield tag="250" ind1=" " ind2=" ">
   <subfield code="a">1st Da Capo Press ed.</subfield>
  </datafield>
  <datafield tag="264" ind1=" " ind2="1">
   <subfield code="a">Philadelphia, Pa. :</subfield>
   <subfield code="b">Da Capo Press,</subfield>
   <subfield code="c">2007.</subfield>
  </datafield>
  <datafield tag="300" ind1=" " ind2=" ">
   <subfield code="a">[xxiii], 421 pages, 16 unnumbered pages of plates :</subfield>
   <subfield code="b">illustrations, maps ;</subfield>
   <subfield code="c">24 cm</subfield>
  </datafield>
  <datafield tag="336" ind1=" " ind2=" ">
   <subfield code="a">text</subfield>
   <subfield code="b">txt</subfield>
   <subfield code="2">rdacontent</subfield>
  </datafield>
  <datafield tag="337" ind1=" " ind2=" ">
   <subfield code="a">unmediated</subfield>
   <subfield code="b">n</subfield>
   <subfield code="2">rdamedia</subfield>
  </datafield>
  <datafield tag="338" ind1=" " ind2=" ">
   <subfield code="a">volume</subfield>
   <subfield code="b">nc</subfield>
   <subfield code="2">rdacarrier</subfield>
  </datafield>
  <datafield tag="504" ind1=" " ind2=" ">
   <subfield code="a">Includes bibliographical references and index.</subfield>
  </datafield>
  <datafield tag="505" ind1="0" ind2=" ">
   <subfield code="a">Remembrance of things past -- The foundations of conquest -- The conquest of Syria and Palestine -- The conquest of Iraq -- The conquest of Egypt -- The conquest of Iran -- Into the Maghreb -- Crossing the Oxus -- The road to Samarqand -- Furthest east and furthest west -- The war at sea -- Voices of the conquered.</subfield>
  </datafield>
  <datafield tag="520" ind1=" " ind2=" ">
   <subfield code="a">Examines the history of the great Islamic expansion, reveals how the Arab armies were able to overcome almost everything in their path, and brings to light the unique characteristics of Islamic settlement in new lands and the conversion to Islam of vast populations.</subfield>
  </datafield>
  <datafield tag="651" ind1=" " ind2="0">
   <subfield code="a">Islamic Empire</subfield>
   <subfield code="x">History.</subfield>
  </datafield>
  <datafield tag="651" ind1=" " ind2="0">
   <subfield code="a">Islamic Empire</subfield>
   <subfield code="x">Civilization.</subfield>
  </datafield>
  <datafield tag="651" ind1=" " ind2="0">
   <subfield code="a">Islamic Empire</subfield>
   <subfield code="x">Foreign relations.</subfield>
  </datafield>
  <datafield tag="907" ind1=" " ind2=" ">
   <subfield code="a">.b12503393</subfield>
   <subfield code="b">08-11-22</subfield>
   <subfield code="c">06-01-09</subfield>
  </datafield>
  <datafield tag="998" ind1=" " ind2=" ">
   <subfield code="a">m</subfield>
   <subfield code="b">06-16-09</subfield>
   <subfield code="c">m</subfield>
   <subfield code="d">a  </subfield>
   <subfield code="e">-</subfield>
   <subfield code="f">eng</subfield>
   <subfield code="g">pau</subfield>
   <subfield code="h">4</subfield>
   <subfield code="i">0</subfield>
  </datafield>
  <datafield tag="910" ind1=" " ind2=" ">
   <subfield code="a">RDA ENRICHED</subfield>
  </datafield>
  <datafield tag="910" ind1=" " ind2=" ">
   <subfield code="a">MARS</subfield>
  </datafield>
  <datafield tag="945" ind1=" " ind2=" ">
   <subfield code="a">909.0976 Kennedy     </subfield>
   <subfield code="g">1</subfield>
   <subfield code="i">31743304470220</subfield>
   <subfield code="l">mms  </subfield>
   <subfield code="o">-</subfield>
   <subfield code="p">$27.95</subfield>
   <subfield code="q">-</subfield>
   <subfield code="r">-</subfield>
   <subfield code="s">-  </subfield>
   <subfield code="t">2</subfield>
   <subfield code="u">9</subfield>
   <subfield code="v">7</subfield>
   <subfield code="w">0</subfield>
   <subfield code="x">0</subfield>
   <subfield code="y">.i18342267</subfield>
   <subfield code="z">06-17-09</subfield>
  </datafield>
 </record>