<record>
  <leader>01723cam a2200349 a 4500</leader>
  <controlfield tag="005">20150808051429.0</controlfield>
  <controlfield tag="008">080815s2009    nyu           000 0aeng  </controlfield>
  <datafield tag="010" ind1=" " ind2=" ">
   <subfield code="a">2008036430</subfield>
  </datafield>
  <datafield tag="020" ind1=" " ind2=" ">
   <subfield code="a">9781416551058 :</subfield>
   <subfield code="c">$25.00</subfield>
  </datafield>
  <datafield tag="040" ind1=" " ind2=" ">
   <subfield code="a">DLC</subfield>
   <subfield code="c">DLC</subfield>
   <subfield code="d">DLC</subfield>
   <subfield code="d">CoLwJCPL</subfield>
   <subfield code="d">UtOrBLW</subfield>
  </datafield>
  <datafield tag="043" ind1=" " ind2=" ">
   <subfield code="a">n-us---</subfield>
  </datafield>
  <datafield tag="049" ind1=" " ind2=" ">
   <subfield code="a">PDV</subfield>
  </datafield>
  <datafield tag="092" ind1=" " ind2=" ">
   <subfield code="a">641.5</subfield>
   <subfield code="b">Wizenberg</subfield>
  </datafield>
  <datafield tag="100" ind1="1" ind2=" ">
   <subfield code="a">Wizenberg, Molly.</subfield>
  </datafield>
  <datafield tag="245" ind1="1" ind2="2">
   <subfield code="a">A homemade life :</subfield>
   <subfield code="b">stories and recipes from my kitchen table /</subfield>
   <subfield code="c">Molly Wizenberg ; illustrations by Camilla Engman.</subfield>
  </datafield>
  <datafield tag="264" ind1=" " ind2="1">
   <subfield code="a">New York :</subfield>
   <subfield code="b">Simon &amp; Schuster,</subfield>
   <subfield code="c">2009.</subfield>
  </datafield>
  <datafield tag="300" ind1=" " ind2=" ">
   <subfield code="a">xi, 320 pages :</subfield>
   <subfield code="b">illustrations ;</subfield>
   <subfield code="c">24 cm</subfield>
  </datafield>
  <datafield tag="336" ind1=" " ind2=" ">
   <subfield code="a">text</subfield>
   <subfield code="b">txt</subfield>
   <subfield code="2">rdacontent</subfield>
  </datafield>
  <datafield tag="337" ind1=" " ind2=" ">
   <subfield code="a">unmediated</subfield>
   <subfield code="b">n</subfield>
   <subfield code="2">rdamedia</subfield>
  </datafield>
  <datafield tag="338" ind1=" " ind2=" ">
   <subfield code="a">volume</subfield>
   <subfield code="b">nc</subfield>
   <subfield code="2">rdacarrier</subfield>
  </datafield>
  <datafield tag="520" ind1=" " ind2=" ">
   <subfield code="a">Author of the internationally famous blog, Orangette, Molly Wizenberg recounts a life with the kitchen at its center. From her mother's pound cake, a staple of summer picnics during her childhood in Oklahoma, to the eggs she cooked for her father during the weeks before his death, food and memories are intimately entwined.</subfield>
  </datafield>
  <datafield tag="500" ind1=" " ind2=" ">
   <subfield code="a">Includes recipe index.</subfield>
  </datafield>
  <datafield tag="600" ind1="1" ind2="0">
   <subfield code="a">Wizenberg, Molly.</subfield>
  </datafield>
  <datafield tag="650" ind1=" " ind2="0">
   <subfield code="a">Women food writers</subfield>
   <subfield code="z">United States</subfield>
   <subfield code="v">Biography.</subfield>
  </datafield>
  <datafield tag="650" ind1=" " ind2="0">
   <subfield code="a">Cooking.</subfield>
  </datafield>
  <datafield tag="907" ind1=" " ind2=" ">
   <subfield code="a">.b12503435</subfield>
   <subfield code="b">02-10-23</subfield>
   <subfield code="c">06-01-09</subfield>
  </datafield>
  <datafield tag="998" ind1=" " ind2=" ">
   <subfield code="a">m</subfield>
   <subfield code="a">c</subfield>
   <subfield code="a">r</subfield>
   <subfield code="b">06-17-09</subfield>
   <subfield code="c">m</subfield>
   <subfield code="d">a  </subfield>
   <subfield code="e">-</subfield>
   <subfield code="f">eng</subfield>
   <subfield code="g">nyu</subfield>
   <subfield code="h">2</subfield>
   <subfield code="i">0</subfield>
  </datafield>
  <datafield tag="910" ind1=" " ind2=" ">
   <subfield code="a">RDA ENRICHED</subfield>
  </datafield>
  <datafield tag="910" ind1=" " ind2=" ">
   <subfield code="a">MARS</subfield>
  </datafield>
  <datafield tag="945" ind1=" " ind2=" ">
   <subfield code="a">641.5 Wizenberg     </subfield>
   <subfield code="g">1</subfield>
   <subfield code="i">31743304278359</subfield>
   <subfield code="l">mms  </subfield>
   <subfield code="o">-</subfield>
   <subfield code="p">$25.00</subfield>
   <subfield code="q">-</subfield>
   <subfield code="r">-</subfield>
   <subfield code="s">-  </subfield>
   <subfield code="t">2</subfield>
   <subfield code="u">59</subfield>
   <subfield code="v">30</subfield>
   <subfield code="w">0</subfield>
   <subfield code="x">2</subfield>
   <subfield code="y">.i18343508</subfield>
   <subfield code="z">06-18-09</subfield>
  </datafield>
  <datafield tag="945" ind1=" " ind2=" ">
   <subfield code="a">641.5 Wizenberg     </subfield>
   <subfield code="g">1</subfield>
   <subfield code="i">31743304278367</subfield>
   <subfield code="l">cms  </subfield>
   <subfield code="o">-</subfield>
   <subfield code="p">$25.00</subfield>
   <subfield code="q">-</subfield>
   <subfield code="r">-</subfield>
   <subfield code="s">-  </subfield>
   <subfield code="t">2</subfield>
   <subfield code="u">38</subfield>
   <subfield code="v">18</subfield>
   <subfield code="w">0</subfield>
   <subfield code="x">0</subfield>
   <subfield code="y">.i1834351x</subfield>
   <subfield code="z">06-18-09</subfield>
  </datafield>
  <datafield tag="945" ind1=" " ind2=" ">
   <subfield code="a">641.5 Wizenberg     </subfield>
   <subfield code="g">1</subfield>
   <subfield code="i">31743304278375</subfield>
   <subfield code="l">rms  </subfield>
   <subfield code="o">-</subfield>
   <subfield code="p">$25.00</subfield>
   <subfield code="q">-</subfield>
   <subfield code="r">-</subfield>
   <subfield code="s">-  </subfield>
   <subfield code="t">2</subfield>
   <subfield code="u">60</subfield>
   <subfield code="v">35</subfield>
   <subfield code="w">1</subfield>
   <subfield code="x">1</subfield>
   <subfield code="y">.i18343521</subfield>
   <subfield code="z">06-18-09</subfield>
  </datafield>
 </record>