<record>
  <leader>02406cam a2200361 a 4500</leader>
  <controlfield tag="005">20150808051430.0</controlfield>
  <controlfield tag="008">080612s2008    nyu      b    001 0 eng  </controlfield>
  <datafield tag="010" ind1=" " ind2=" ">
   <subfield code="a">2008026050</subfield>
  </datafield>
  <datafield tag="020" ind1=" " ind2=" ">
   <subfield code="a">9780374266660 (hardcover : alk. paper)</subfield>
  </datafield>
  <datafield tag="020" ind1=" " ind2=" ">
   <subfield code="a">0374266662 (hardcover : alk. paper) :</subfield>
   <subfield code="c">$23.00</subfield>
  </datafield>
  <datafield tag="040" ind1=" " ind2=" ">
   <subfield code="a">DNLM/DLC</subfield>
   <subfield code="c">DLC</subfield>
   <subfield code="d">NLM</subfield>
   <subfield code="d">BTCTA</subfield>
   <subfield code="d">BAKER</subfield>
   <subfield code="d">YDXCP</subfield>
   <subfield code="d">UPZ</subfield>
   <subfield code="d">OCLCG</subfield>
   <subfield code="d">WIQ</subfield>
   <subfield code="d">CIN</subfield>
   <subfield code="d">UtOrBLW</subfield>
  </datafield>
  <datafield tag="049" ind1=" " ind2=" ">
   <subfield code="a">PDV</subfield>
  </datafield>
  <datafield tag="092" ind1=" " ind2=" ">
   <subfield code="a">616.001</subfield>
   <subfield code="b">Martensen</subfield>
  </datafield>
  <datafield tag="100" ind1="1" ind2=" ">
   <subfield code="a">Martensen, Robert L.</subfield>
   <subfield code="q">(Robert Lawrence)</subfield>
  </datafield>
  <datafield tag="245" ind1="1" ind2="2">
   <subfield code="a">A life worth living :</subfield>
   <subfield code="b">a doctor's reflections on illness in a high-tech era /</subfield>
   <subfield code="c">Robert Martensen.</subfield>
  </datafield>
  <datafield tag="250" ind1=" " ind2=" ">
   <subfield code="a">1st ed.</subfield>
  </datafield>
  <datafield tag="264" ind1=" " ind2="1">
   <subfield code="a">New York :</subfield>
   <subfield code="b">Farrar, Straus and Giroux,</subfield>
   <subfield code="c">2008.</subfield>
  </datafield>
  <datafield tag="300" ind1=" " ind2=" ">
   <subfield code="a">xiii, 220 pages ;</subfield>
   <subfield code="c">22 cm</subfield>
  </datafield>
  <datafield tag="336" ind1=" " ind2=" ">
   <subfield code="a">text</subfield>
   <subfield code="b">txt</subfield>
   <subfield code="2">rdacontent</subfield>
  </datafield>
  <datafield tag="337" ind1=" " ind2=" ">
   <subfield code="a">unmediated</subfield>
   <subfield code="b">n</subfield>
   <subfield code="2">rdamedia</subfield>
  </datafield>
  <datafield tag="338" ind1=" " ind2=" ">
   <subfield code="a">volume</subfield>
   <subfield code="b">nc</subfield>
   <subfield code="2">rdacarrier</subfield>
  </datafield>
  <datafield tag="504" ind1=" " ind2=" ">
   <subfield code="a">Includes bibliographical references and index.</subfield>
  </datafield>
  <datafield tag="520" ind1=" " ind2=" ">
   <subfield code="a">Robert Martensen, a physician, historian, and ethicist, draws on decades of experience with patients and friends to explore the life cycle of serious illness, from diagnosis to end of life. He connects personal stories with reflections upon mortality, human agency, and the value of  "cutting-edge" technology in caring for the critically ill. Timely questions emerge: To what extent should efforts to extend human life be made? What is the value of nontraditional medical treatment? How has the American health-care system affected treatment of the critically ill? And finally, what are our doctors' responsibilities to us as patients, and where do those responsibilities end? Using poignant case studies, Martensen demonstrates how we and our loved ones can maintain dignity and resilience in the face of life's most daunting circumstances.--From publisher description.</subfield>
  </datafield>
  <datafield tag="505" ind1="0" ind2=" ">
   <subfield code="a">Trials of the body -- Less traveled paths -- Illusions of control -- Elective choices -- Reflections on the plight of sick children -- If this is a person -- Life in the narrows -- As day goes nigh.</subfield>
  </datafield>
  <datafield tag="650" ind1=" " ind2="0">
   <subfield code="a">Chronic diseases.</subfield>
  </datafield>
  <datafield tag="650" ind1=" " ind2="0">
   <subfield code="a">Catastrophic illness.</subfield>
  </datafield>
  <datafield tag="650" ind1=" " ind2="0">
   <subfield code="a">Medicine</subfield>
   <subfield code="x">Philosophy.</subfield>
  </datafield>
  <datafield tag="650" ind1=" " ind2="0">
   <subfield code="a">Medical innovations</subfield>
   <subfield code="x">History.</subfield>
  </datafield>
  <datafield tag="907" ind1=" " ind2=" ">
   <subfield code="a">.b12503502</subfield>
   <subfield code="b">08-11-22</subfield>
   <subfield code="c">06-01-09</subfield>
  </datafield>
  <datafield tag="998" ind1=" " ind2=" ">
   <subfield code="a">m</subfield>
   <subfield code="b">06-17-09</subfield>
   <subfield code="c">m</subfield>
   <subfield code="d">a  </subfield>
   <subfield code="e">-</subfield>
   <subfield code="f">eng</subfield>
   <subfield code="g">nyu</subfield>
   <subfield code="h">2</subfield>
   <subfield code="i">0</subfield>
  </datafield>
  <datafield tag="910" ind1=" " ind2=" ">
   <subfield code="a">RDA ENRICHED</subfield>
  </datafield>
  <datafield tag="910" ind1=" " ind2=" ">
   <subfield code="a">MARS</subfield>
  </datafield>
  <datafield tag="945" ind1=" " ind2=" ">
   <subfield code="a">616.001 Martensen     </subfield>
   <subfield code="g">1</subfield>
   <subfield code="i">31743304278284</subfield>
   <subfield code="l">mms  </subfield>
   <subfield code="o">-</subfield>
   <subfield code="p">$23.00</subfield>
   <subfield code="q">-</subfield>
   <subfield code="r">-</subfield>
   <subfield code="s">-  </subfield>
   <subfield code="t">2</subfield>
   <subfield code="u">22</subfield>
   <subfield code="v">4</subfield>
   <subfield code="w">0</subfield>
   <subfield code="x">0</subfield>
   <subfield code="y">.i18342978</subfield>
   <subfield code="z">06-17-09</subfield>
  </datafield>
 </record>