<record>
  <leader>02435cam a2200337 a 4500</leader>
  <controlfield tag="005">20150808051431.0</controlfield>
  <controlfield tag="008">080814s2009    nyu      b    001 0 eng  </controlfield>
  <datafield tag="010" ind1=" " ind2=" ">
   <subfield code="a">2008035886</subfield>
  </datafield>
  <datafield tag="020" ind1=" " ind2=" ">
   <subfield code="a">9780312373481</subfield>
  </datafield>
  <datafield tag="020" ind1=" " ind2=" ">
   <subfield code="a">0312373481 :</subfield>
   <subfield code="c">$25.95</subfield>
  </datafield>
  <datafield tag="040" ind1=" " ind2=" ">
   <subfield code="a">DLC</subfield>
   <subfield code="c">DLC</subfield>
   <subfield code="d">BTCTA</subfield>
   <subfield code="d">BAKER</subfield>
   <subfield code="d">YDXCP</subfield>
   <subfield code="d">C#P</subfield>
   <subfield code="d">IH7</subfield>
   <subfield code="d">BWX</subfield>
   <subfield code="d">OCLCQ</subfield>
   <subfield code="d">OrLoB-B</subfield>
   <subfield code="d">UtOrBLW</subfield>
  </datafield>
  <datafield tag="043" ind1=" " ind2=" ">
   <subfield code="a">n-us---</subfield>
  </datafield>
  <datafield tag="049" ind1=" " ind2=" ">
   <subfield code="a">PDV</subfield>
  </datafield>
  <datafield tag="092" ind1=" " ind2=" ">
   <subfield code="a">355.0086</subfield>
   <subfield code="b">Frank</subfield>
  </datafield>
  <datafield tag="100" ind1="1" ind2=" ">
   <subfield code="a">Frank, Nathaniel.</subfield>
  </datafield>
  <datafield tag="245" ind1="1" ind2="0">
   <subfield code="a">Unfriendly fire :</subfield>
   <subfield code="b">how the gay ban undermines the military and weakens America /</subfield>
   <subfield code="c">Nathaniel Frank.</subfield>
  </datafield>
  <datafield tag="250" ind1=" " ind2=" ">
   <subfield code="a">1st ed.</subfield>
  </datafield>
  <datafield tag="264" ind1=" " ind2="1">
   <subfield code="a">New York :</subfield>
   <subfield code="b">Thomas Dunne Books,</subfield>
   <subfield code="c">2009.</subfield>
  </datafield>
  <datafield tag="300" ind1=" " ind2=" ">
   <subfield code="a">xxi, 342 pages ;</subfield>
   <subfield code="c">24 cm</subfield>
  </datafield>
  <datafield tag="336" ind1=" " ind2=" ">
   <subfield code="a">text</subfield>
   <subfield code="b">txt</subfield>
   <subfield code="2">rdacontent</subfield>
  </datafield>
  <datafield tag="337" ind1=" " ind2=" ">
   <subfield code="a">unmediated</subfield>
   <subfield code="b">n</subfield>
   <subfield code="2">rdamedia</subfield>
  </datafield>
  <datafield tag="338" ind1=" " ind2=" ">
   <subfield code="a">volume</subfield>
   <subfield code="b">nc</subfield>
   <subfield code="2">rdacarrier</subfield>
  </datafield>
  <datafield tag="504" ind1=" " ind2=" ">
   <subfield code="a">Includes bibliographical references (pages 297-327) and index.</subfield>
  </datafield>
  <datafield tag="520" ind1="1" ind2=" ">
   <subfield code="a">"When the "don't ask, don't tell" policy emerged as a political compromise under Bill Clinton in 1993, it only ended up worsening the destructive gay ban that had been on the books since World War II. Drawing on more than a decade of research and hundreds of interviews, Nathaniel Frank exposes the military's policy toward gays and lesbians as damaging and demonstrates that "don't ask, don't tell" must be replaced with an outright reversal of the gay ban." "Frank reveals how the ban on open gays and lesbians in the U.S. military has greatly increased discharges, hampered recruitment, and - contrary to the rationale offered by proponents of the ban - led to lower morale and lesser cohesion within military ranks. He presents indisputable evidence showing that gays already serve openly without causing problems, and that the policy itself is weakening the military it was supposed to protect. In addition to the moral pitfalls of the gay ban, Frank shows the practical damage it has wrought. Most recently, the discharge of valuable Arabic translators (who happen to be gay) under the current policy has left U.S. forces ill-equipped in the fight against terrorism."--BOOK JACKET.</subfield>
  </datafield>
  <datafield tag="650" ind1=" " ind2="0">
   <subfield code="a">Gay military personnel</subfield>
   <subfield code="x">Government policy</subfield>
   <subfield code="z">United States.</subfield>
  </datafield>
  <datafield tag="650" ind1=" " ind2="0">
   <subfield code="a">Gay military personnel</subfield>
   <subfield code="z">United States.</subfield>
  </datafield>
  <datafield tag="907" ind1=" " ind2=" ">
   <subfield code="a">.b12503782</subfield>
   <subfield code="b">08-11-22</subfield>
   <subfield code="c">06-01-09</subfield>
  </datafield>
  <datafield tag="998" ind1=" " ind2=" ">
   <subfield code="a">m</subfield>
   <subfield code="b">06-16-09</subfield>
   <subfield code="c">m</subfield>
   <subfield code="d">a  </subfield>
   <subfield code="e">-</subfield>
   <subfield code="f">eng</subfield>
   <subfield code="g">nyu</subfield>
   <subfield code="h">0</subfield>
   <subfield code="i">0</subfield>
  </datafield>
  <datafield tag="910" ind1=" " ind2=" ">
   <subfield code="a">RDA ENRICHED</subfield>
  </datafield>
  <datafield tag="910" ind1=" " ind2=" ">
   <subfield code="a">MARS</subfield>
  </datafield>
  <datafield tag="945" ind1=" " ind2=" ">
   <subfield code="a">355.0086 Frank     </subfield>
   <subfield code="g">1</subfield>
   <subfield code="i">31743304470204</subfield>
   <subfield code="l">mms  </subfield>
   <subfield code="o">-</subfield>
   <subfield code="p">$25.95</subfield>
   <subfield code="q">-</subfield>
   <subfield code="r">-</subfield>
   <subfield code="s">-  </subfield>
   <subfield code="t">2</subfield>
   <subfield code="u">11</subfield>
   <subfield code="v">3</subfield>
   <subfield code="w">0</subfield>
   <subfield code="x">0</subfield>
   <subfield code="y">.i18342243</subfield>
   <subfield code="z">06-17-09</subfield>
  </datafield>
 </record>