<record>
  <leader>02763nim a2200505 a 4500</leader>
  <controlfield tag="005">20150808051432.0</controlfield>
  <controlfield tag="007">sz uunznnnzned</controlfield>
  <controlfield tag="008">090814s2009    ohunnn c       f    eng d</controlfield>
  <datafield tag="020" ind1=" " ind2=" ">
   <subfield code="a">9781605147840 :</subfield>
   <subfield code="c">$27.99</subfield>
  </datafield>
  <datafield tag="028" ind1="0" ind2="1">
   <subfield code="a">2537</subfield>
   <subfield code="b">Playaway Digital Audio</subfield>
  </datafield>
  <datafield tag="040" ind1=" " ind2=" ">
   <subfield code="a">PDV</subfield>
   <subfield code="c">PDV</subfield>
   <subfield code="d">UtOrBLW</subfield>
  </datafield>
  <datafield tag="049" ind1=" " ind2=" ">
   <subfield code="a">PDV</subfield>
  </datafield>
  <datafield tag="092" ind1=" " ind2=" ">
   <subfield code="a">J TB PLAY</subfield>
   <subfield code="b">McGhee</subfield>
  </datafield>
  <datafield tag="100" ind1="1" ind2=" ">
   <subfield code="a">McGhee, Alison,</subfield>
   <subfield code="d">1960-</subfield>
  </datafield>
  <datafield tag="245" ind1="1" ind2="0">
   <subfield code="a">Julia Gillian (and the art of knowing)</subfield>
   <subfield code="h">[sound recording (Playaway)] /</subfield>
   <subfield code="c">Alison McGhee.</subfield>
  </datafield>
  <datafield tag="264" ind1=" " ind2="1">
   <subfield code="a">[Solon, Ohio] :</subfield>
   <subfield code="b">Findaway World,</subfield>
   <subfield code="c">[2009]</subfield>
  </datafield>
  <datafield tag="264" ind1=" " ind2="4">
   <subfield code="c">c2009.</subfield>
  </datafield>
  <datafield tag="300" ind1=" " ind2=" ">
   <subfield code="a">1 sound media player (approximately 3 hr.) :</subfield>
   <subfield code="b">digital ;</subfield>
   <subfield code="c">9 x 6 cm.</subfield>
  </datafield>
  <datafield tag="336" ind1=" " ind2=" ">
   <subfield code="a">spoken word</subfield>
   <subfield code="b">spw</subfield>
   <subfield code="2">rdacontent.</subfield>
  </datafield>
  <datafield tag="337" ind1=" " ind2=" ">
   <subfield code="a">audio</subfield>
   <subfield code="b">s</subfield>
   <subfield code="2">rdamedia.</subfield>
  </datafield>
  <datafield tag="338" ind1=" " ind2=" ">
   <subfield code="a">other audio carrier</subfield>
   <subfield code="b">sz</subfield>
   <subfield code="2">rdacarrier.</subfield>
  </datafield>
  <datafield tag="500" ind1=" " ind2=" ">
   <subfield code="a">Issued on Playaway, a dedicated audio media player.</subfield>
  </datafield>
  <datafield tag="500" ind1=" " ind2=" ">
   <subfield code="a">Unabridged.</subfield>
  </datafield>
  <datafield tag="500" ind1=" " ind2=" ">
   <subfield code="a">Originally recorded by Scholastic Audiobooks, p2008.</subfield>
  </datafield>
  <datafield tag="500" ind1=" " ind2=" ">
   <subfield code="a">"Scholastic Audiobooks"--Container.</subfield>
  </datafield>
  <datafield tag="500" ind1=" " ind2=" ">
   <subfield code="a">In container (21 cm.).</subfield>
  </datafield>
  <datafield tag="511" ind1="0" ind2=" ">
   <subfield code="a">Read by Emily Bauer.</subfield>
  </datafield>
  <datafield tag="520" ind1=" " ind2=" ">
   <subfield code="a">"Ten-year-old Julia Gillian knows everything about her quirky neighbors, her Minneapolis neighborhood, even the inscrutable "claw machine" in the back of the corner hardware store. Unfortunately, the one thing Julia Gillian doesn't know is how the book she's reading is going to end. It doesn't seem as if it's going to have a happy ending, and that scares her. But Julia learns a little something about fear: sometimes you just have to work through it. And though bad things do happen sometimes, having good friends and family around you makes life a bit less scary - and much more fun"--from publisher's web site.</subfield>
  </datafield>
  <datafield tag="590" ind1=" " ind2=" ">
   <subfield code="a">Requires 1 set of earphones + 1 AAA battery -- Not included.</subfield>
  </datafield>
  <datafield tag="650" ind1=" " ind2="0">
   <subfield code="a">Fear</subfield>
   <subfield code="v">Fiction</subfield>
   <subfield code="v">Juvenile sound recordings.</subfield>
  </datafield>
  <datafield tag="650" ind1=" " ind2="0">
   <subfield code="a">Saint Bernard dog</subfield>
   <subfield code="v">Fiction</subfield>
   <subfield code="v">Juvenile sound recordings.</subfield>
  </datafield>
  <datafield tag="650" ind1=" " ind2="0">
   <subfield code="a">Dogs</subfield>
   <subfield code="v">Fiction</subfield>
   <subfield code="v">Juvenile sound recordings.</subfield>
  </datafield>
  <datafield tag="650" ind1=" " ind2="0">
   <subfield code="a">Families</subfield>
   <subfield code="z">Minnesota</subfield>
   <subfield code="z">Minneapolis</subfield>
   <subfield code="v">Fiction</subfield>
   <subfield code="v">Juvenile sound recordings.</subfield>
  </datafield>
  <datafield tag="650" ind1=" " ind2="0">
   <subfield code="a">Neighborhoods</subfield>
   <subfield code="v">Fiction</subfield>
   <subfield code="v">Juvenile sound recordings.</subfield>
  </datafield>
  <datafield tag="651" ind1=" " ind2="0">
   <subfield code="a">Minneapolis (Minn.)</subfield>
   <subfield code="v">Fiction</subfield>
   <subfield code="v">Juvenile sound recordings.</subfield>
  </datafield>
  <datafield tag="650" ind1=" " ind2="0">
   <subfield code="a">Ten-year-old girls</subfield>
   <subfield code="v">Fiction</subfield>
   <subfield code="v">Juvenile sound recordings.</subfield>
  </datafield>
  <datafield tag="650" ind1=" " ind2="0">
   <subfield code="a">Children's audiobooks.</subfield>
  </datafield>
  <datafield tag="690" ind1=" " ind2=" ">
   <subfield code="a">Playaways for children.</subfield>
  </datafield>
  <datafield tag="700" ind1="1" ind2=" ">
   <subfield code="a">Bauer, Emily.</subfield>
  </datafield>
  <datafield tag="710" ind1="2" ind2=" ">
   <subfield code="a">Scholastic Audiobooks.</subfield>
  </datafield>
  <datafield tag="907" ind1=" " ind2=" ">
   <subfield code="a">.b12503915</subfield>
   <subfield code="b">01-02-25</subfield>
   <subfield code="c">06-01-09</subfield>
  </datafield>
  <datafield tag="998" ind1=" " ind2=" ">
   <subfield code="a">r</subfield>
   <subfield code="b">08-14-09</subfield>
   <subfield code="c">m</subfield>
   <subfield code="d">p  </subfield>
   <subfield code="e">-</subfield>
   <subfield code="f">eng</subfield>
   <subfield code="g">ohu</subfield>
   <subfield code="h">0</subfield>
   <subfield code="i">8</subfield>
  </datafield>
  <datafield tag="910" ind1=" " ind2=" ">
   <subfield code="a">RDA ENRICHED</subfield>
  </datafield>
  <datafield tag="910" ind1=" " ind2=" ">
   <subfield code="a">MARS</subfield>
  </datafield>
  <datafield tag="945" ind1=" " ind2=" ">
   <subfield code="a">J TB PLAY McGhee     </subfield>
   <subfield code="g">1</subfield>
   <subfield code="i">31743304365842</subfield>
   <subfield code="l">rjs  </subfield>
   <subfield code="n">Fri Dec 29 2023: Bill $32.99, lost by .p1299943x</subfield>
   <subfield code="n">Fri Dec 29 2023: Paid $32.99 and lost by p1299943x</subfield>
   <subfield code="o">n</subfield>
   <subfield code="p">$27.99</subfield>
   <subfield code="q">-</subfield>
   <subfield code="r">-</subfield>
   <subfield code="s">$  </subfield>
   <subfield code="t">68</subfield>
   <subfield code="u">97</subfield>
   <subfield code="v">43</subfield>
   <subfield code="w">0</subfield>
   <subfield code="x">1</subfield>
   <subfield code="y">.i18445500</subfield>
   <subfield code="z">09-08-09</subfield>
  </datafield>
 </record>