<record>
  <leader>02609nim a2200565Ia 4500</leader>
  <controlfield tag="001">ocm71832974</controlfield>
  <controlfield tag="005">20150808051432.0</controlfield>
  <controlfield tag="007">sz uunznnnzned</controlfield>
  <controlfield tag="008">061004s2007    ohunnn c       f    eng d</controlfield>
  <datafield tag="020" ind1=" " ind2=" ">
   <subfield code="a">9781598951301 :</subfield>
   <subfield code="c">$35.99</subfield>
  </datafield>
  <datafield tag="020" ind1=" " ind2=" ">
   <subfield code="a">1598951300</subfield>
  </datafield>
  <datafield tag="028" ind1="0" ind2="1">
   <subfield code="a">1006</subfield>
   <subfield code="b">Playaway Digital Audio</subfield>
  </datafield>
  <datafield tag="040" ind1=" " ind2=" ">
   <subfield code="a">GK8</subfield>
   <subfield code="c">GK8</subfield>
   <subfield code="d">OSC</subfield>
   <subfield code="d">UtOrBLW</subfield>
  </datafield>
  <datafield tag="049" ind1=" " ind2=" ">
   <subfield code="a">PDV</subfield>
  </datafield>
  <datafield tag="092" ind1=" " ind2=" ">
   <subfield code="a">J TB PLAY</subfield>
   <subfield code="b">Lewis</subfield>
  </datafield>
  <datafield tag="100" ind1="1" ind2=" ">
   <subfield code="a">Lewis, C. S.</subfield>
   <subfield code="q">(Clive Staples),</subfield>
   <subfield code="d">1898-1963.</subfield>
  </datafield>
  <datafield tag="245" ind1="1" ind2="4">
   <subfield code="a">The lion, the witch and the wardrobe</subfield>
   <subfield code="h">[sound recording (Playaway)] /</subfield>
   <subfield code="c">C.S. Lewis.</subfield>
  </datafield>
  <datafield tag="264" ind1=" " ind2="1">
   <subfield code="a">[Solon, Ohio] :</subfield>
   <subfield code="b">Findaway World,</subfield>
   <subfield code="c">[2007]</subfield>
  </datafield>
  <datafield tag="264" ind1=" " ind2="4">
   <subfield code="c">c2007.</subfield>
  </datafield>
  <datafield tag="300" ind1=" " ind2=" ">
   <subfield code="a">1 sound media player (4 hr.) :</subfield>
   <subfield code="b">digital ;</subfield>
   <subfield code="c">9 x 6 cm.</subfield>
  </datafield>
  <datafield tag="336" ind1=" " ind2=" ">
   <subfield code="a">spoken word</subfield>
   <subfield code="b">spw</subfield>
   <subfield code="2">rdacontent.</subfield>
  </datafield>
  <datafield tag="337" ind1=" " ind2=" ">
   <subfield code="a">audio</subfield>
   <subfield code="b">s</subfield>
   <subfield code="2">rdamedia.</subfield>
  </datafield>
  <datafield tag="338" ind1=" " ind2=" ">
   <subfield code="a">other audio carrier</subfield>
   <subfield code="b">sz</subfield>
   <subfield code="2">rdacarrier.</subfield>
  </datafield>
  <datafield tag="490" ind1="1" ind2=" ">
   <subfield code="a">The Chronicles of Narnia ;</subfield>
   <subfield code="v">1.</subfield>
  </datafield>
  <datafield tag="500" ind1=" " ind2=" ">
   <subfield code="a">Issued on Playaway, a dedicated audio media player.</subfield>
  </datafield>
  <datafield tag="500" ind1=" " ind2=" ">
   <subfield code="a">Unabridged.</subfield>
  </datafield>
  <datafield tag="500" ind1=" " ind2=" ">
   <subfield code="a">Originally recorded by Harper Children's Audio, p2003.</subfield>
  </datafield>
  <datafield tag="511" ind1="0" ind2=" ">
   <subfield code="a">Performed by Michael York.</subfield>
  </datafield>
  <datafield tag="500" ind1=" " ind2=" ">
   <subfield code="a">"Harper Children's Audio"--Container.</subfield>
  </datafield>
  <datafield tag="500" ind1=" " ind2=" ">
   <subfield code="a">In container (21 cm.).</subfield>
  </datafield>
  <datafield tag="520" ind1=" " ind2=" ">
   <subfield code="a">Four English schoolchildren find their way through the back of a wardrobe into the magic land of Narnia and assist Aslan, the golden lion, to triumph over the White Witch, who has cursed the land with eternal winter.</subfield>
  </datafield>
  <datafield tag="590" ind1=" " ind2=" ">
   <subfield code="a">Requires 1 set of earphones + 1 AAA battery -- Not included.</subfield>
  </datafield>
  <datafield tag="650" ind1=" " ind2="0">
   <subfield code="a">Narnia (Imaginary place)</subfield>
   <subfield code="v">Juvenile sound recordings.</subfield>
  </datafield>
  <datafield tag="650" ind1=" " ind2="0">
   <subfield code="a">Witches</subfield>
   <subfield code="v">Fiction</subfield>
   <subfield code="v">Juvenile sound recordings.</subfield>
  </datafield>
  <datafield tag="650" ind1=" " ind2="0">
   <subfield code="a">Winter</subfield>
   <subfield code="v">Fiction</subfield>
   <subfield code="v">Juvenile sound recordings.</subfield>
  </datafield>
  <datafield tag="650" ind1=" " ind2="0">
   <subfield code="a">Magic</subfield>
   <subfield code="v">Fiction</subfield>
   <subfield code="v">Juvenile sound recordings.</subfield>
  </datafield>
  <datafield tag="650" ind1=" " ind2="0">
   <subfield code="a">Good and evil</subfield>
   <subfield code="v">Fiction</subfield>
   <subfield code="v">Juvenile sound recordings.</subfield>
  </datafield>
  <datafield tag="650" ind1=" " ind2="0">
   <subfield code="a">Children's audiobooks.</subfield>
  </datafield>
  <datafield tag="690" ind1=" " ind2=" ">
   <subfield code="a">Playaways for children.</subfield>
  </datafield>
  <datafield tag="700" ind1="1" ind2=" ">
   <subfield code="a">York, Michael,</subfield>
   <subfield code="d">1942-</subfield>
  </datafield>
  <datafield tag="710" ind1="2" ind2=" ">
   <subfield code="a">Harper Children's Audio.</subfield>
  </datafield>
  <datafield tag="830" ind1=" " ind2="4">
   <subfield code="a">The Chronicles of Narnia ;</subfield>
   <subfield code="v">1 (Published order)</subfield>
  </datafield>
  <datafield tag="830" ind1=" " ind2="4">
   <subfield code="a">The Chronicles of Narnia ;</subfield>
   <subfield code="v">2 (Author's preferred order)</subfield>
  </datafield>
  <datafield tag="907" ind1=" " ind2=" ">
   <subfield code="a">.b12503927</subfield>
   <subfield code="b">09-12-24</subfield>
   <subfield code="c">06-01-09</subfield>
  </datafield>
  <datafield tag="998" ind1=" " ind2=" ">
   <subfield code="a">c</subfield>
   <subfield code="a">g</subfield>
   <subfield code="a">r</subfield>
   <subfield code="b">08-14-09</subfield>
   <subfield code="c">m</subfield>
   <subfield code="d">p  </subfield>
   <subfield code="e">-</subfield>
   <subfield code="f">eng</subfield>
   <subfield code="g">ohu</subfield>
   <subfield code="h">4</subfield>
   <subfield code="i">8</subfield>
  </datafield>
  <datafield tag="910" ind1=" " ind2=" ">
   <subfield code="a">RDA ENRICHED</subfield>
  </datafield>
  <datafield tag="910" ind1=" " ind2=" ">
   <subfield code="a">MARS</subfield>
  </datafield>
  <datafield tag="945" ind1=" " ind2=" ">
   <subfield code="a">J TB PLAY Lewis     </subfield>
   <subfield code="g">1</subfield>
   <subfield code="i">31743304536640</subfield>
   <subfield code="l">cjs  </subfield>
   <subfield code="o">-</subfield>
   <subfield code="p">$35.99</subfield>
   <subfield code="q">-</subfield>
   <subfield code="r">-</subfield>
   <subfield code="s">-  </subfield>
   <subfield code="t">68</subfield>
   <subfield code="u">86</subfield>
   <subfield code="v">35</subfield>
   <subfield code="w">1</subfield>
   <subfield code="x">4</subfield>
   <subfield code="y">.i18445548</subfield>
   <subfield code="z">09-08-09</subfield>
  </datafield>
  <datafield tag="945" ind1=" " ind2=" ">
   <subfield code="a">J TB PLAY Lewis     </subfield>
   <subfield code="g">1</subfield>
   <subfield code="i">31743304536673</subfield>
   <subfield code="l">gjs  </subfield>
   <subfield code="o">-</subfield>
   <subfield code="p">$35.99</subfield>
   <subfield code="q">-</subfield>
   <subfield code="r">-</subfield>
   <subfield code="s">-  </subfield>
   <subfield code="t">68</subfield>
   <subfield code="u">44</subfield>
   <subfield code="v">23</subfield>
   <subfield code="w">2</subfield>
   <subfield code="x">1</subfield>
   <subfield code="y">.i18445573</subfield>
   <subfield code="z">09-08-09</subfield>
  </datafield>
  <datafield tag="945" ind1=" " ind2=" ">
   <subfield code="a">J TB PLAY Lewis     </subfield>
   <subfield code="g">1</subfield>
   <subfield code="i">31743304536681</subfield>
   <subfield code="l">rjs  </subfield>
   <subfield code="o">-</subfield>
   <subfield code="p">$35.99</subfield>
   <subfield code="q">-</subfield>
   <subfield code="r">-</subfield>
   <subfield code="s">-  </subfield>
   <subfield code="t">68</subfield>
   <subfield code="u">130</subfield>
   <subfield code="v">74</subfield>
   <subfield code="w">1</subfield>
   <subfield code="x">6</subfield>
   <subfield code="y">.i18445585</subfield>
   <subfield code="z">09-08-09</subfield>
  </datafield>
 </record>