<record>
  <leader>02717nim a2200541 a 4500</leader>
  <controlfield tag="005">20150808051432.0</controlfield>
  <controlfield tag="007">sz uunznnnzned</controlfield>
  <controlfield tag="008">090814s2009    ohunnn c       f    eng d</controlfield>
  <datafield tag="020" ind1=" " ind2=" ">
   <subfield code="a">9781606408957 :</subfield>
   <subfield code="c">$43.99</subfield>
  </datafield>
  <datafield tag="028" ind1="0" ind2="1">
   <subfield code="a">3059</subfield>
   <subfield code="b">Playaway Digital Audio</subfield>
  </datafield>
  <datafield tag="040" ind1=" " ind2=" ">
   <subfield code="a">PDV</subfield>
   <subfield code="c">PDV</subfield>
   <subfield code="d">UtOrBLW</subfield>
  </datafield>
  <datafield tag="049" ind1=" " ind2=" ">
   <subfield code="a">PDV</subfield>
  </datafield>
  <datafield tag="092" ind1=" " ind2=" ">
   <subfield code="a">J TB PLAY</subfield>
   <subfield code="b">Dowd</subfield>
  </datafield>
  <datafield tag="100" ind1="1" ind2=" ">
   <subfield code="a">Dowd, Siobhan.</subfield>
  </datafield>
  <datafield tag="245" ind1="1" ind2="4">
   <subfield code="a">The London eye mystery</subfield>
   <subfield code="h">[sound recording (Playaway)] /</subfield>
   <subfield code="c">Siobhan Dowd.</subfield>
  </datafield>
  <datafield tag="264" ind1=" " ind2="1">
   <subfield code="a">[Solon, Ohio] :</subfield>
   <subfield code="b">Findaway World,</subfield>
   <subfield code="c">[2009]</subfield>
  </datafield>
  <datafield tag="264" ind1=" " ind2="4">
   <subfield code="c">c2009.</subfield>
  </datafield>
  <datafield tag="300" ind1=" " ind2=" ">
   <subfield code="a">1 sound media player (approximately 6 hr.) :</subfield>
   <subfield code="b">digital ;</subfield>
   <subfield code="c">9 x 6 cm.</subfield>
  </datafield>
  <datafield tag="336" ind1=" " ind2=" ">
   <subfield code="a">spoken word</subfield>
   <subfield code="b">spw</subfield>
   <subfield code="2">rdacontent.</subfield>
  </datafield>
  <datafield tag="337" ind1=" " ind2=" ">
   <subfield code="a">audio</subfield>
   <subfield code="b">s</subfield>
   <subfield code="2">rdamedia.</subfield>
  </datafield>
  <datafield tag="338" ind1=" " ind2=" ">
   <subfield code="a">other audio carrier</subfield>
   <subfield code="b">sz</subfield>
   <subfield code="2">rdacarrier.</subfield>
  </datafield>
  <datafield tag="500" ind1=" " ind2=" ">
   <subfield code="a">Issued on Playaway, a dedicated audio media player.</subfield>
  </datafield>
  <datafield tag="500" ind1=" " ind2=" ">
   <subfield code="a">Unabridged.</subfield>
  </datafield>
  <datafield tag="500" ind1=" " ind2=" ">
   <subfield code="a">Originally recorded by Brilliance Audio, p2008.</subfield>
  </datafield>
  <datafield tag="500" ind1=" " ind2=" ">
   <subfield code="a">"Brilliance Audio"--Container.</subfield>
  </datafield>
  <datafield tag="511" ind1="0" ind2=" ">
   <subfield code="a">Read by Alex Kalajzic.</subfield>
  </datafield>
  <datafield tag="500" ind1=" " ind2=" ">
   <subfield code="a">In container (21 cm.).</subfield>
  </datafield>
  <datafield tag="520" ind1=" " ind2=" ">
   <subfield code="a">Salim, Ted and Kat's cousin, boarded the London Eye over 30 minutes ago. Now, with all the other passengers exiting, Salim is nowhere to be found! It is obvious that he couldn't vanish into thin air, but Ted and Kat can't find him anywhere. Their search takes Ted and Kat all around London, on a hair-raising quest to find their cousin.</subfield>
  </datafield>
  <datafield tag="590" ind1=" " ind2=" ">
   <subfield code="a">Requires 1 set of earphones + 1 AAA battery -- Not included.</subfield>
  </datafield>
  <datafield tag="650" ind1=" " ind2="0">
   <subfield code="a">Asperger's syndrome</subfield>
   <subfield code="v">Fiction</subfield>
   <subfield code="v">Juvenile sound recordings.</subfield>
  </datafield>
  <datafield tag="650" ind1=" " ind2="0">
   <subfield code="a">Missing children</subfield>
   <subfield code="v">Fiction</subfield>
   <subfield code="v">Juvenile sound recordings.</subfield>
  </datafield>
  <datafield tag="650" ind1=" " ind2="0">
   <subfield code="a">Meteorology</subfield>
   <subfield code="v">Fiction</subfield>
   <subfield code="v">Juvenile sound recordings.</subfield>
  </datafield>
  <datafield tag="650" ind1=" " ind2="0">
   <subfield code="a">Brothers and sisters</subfield>
   <subfield code="v">Fiction</subfield>
   <subfield code="v">Juvenile sound recordings.</subfield>
  </datafield>
  <datafield tag="650" ind1=" " ind2="0">
   <subfield code="a">Cousins</subfield>
   <subfield code="v">Fiction</subfield>
   <subfield code="v">Juvenile sound recordings.</subfield>
  </datafield>
  <datafield tag="651" ind1=" " ind2="0">
   <subfield code="a">London (England)</subfield>
   <subfield code="v">Fiction</subfield>
   <subfield code="v">Juvenile sound recordings.</subfield>
  </datafield>
  <datafield tag="651" ind1=" " ind2="0">
   <subfield code="a">England</subfield>
   <subfield code="v">Fiction</subfield>
   <subfield code="v">Juvenile sound recordings.</subfield>
  </datafield>
  <datafield tag="650" ind1=" " ind2="0">
   <subfield code="a">Children's audiobooks.</subfield>
  </datafield>
  <datafield tag="690" ind1=" " ind2=" ">
   <subfield code="a">Playaways for children.</subfield>
  </datafield>
  <datafield tag="700" ind1="1" ind2=" ">
   <subfield code="a">Kalajzic, Alex.</subfield>
  </datafield>
  <datafield tag="710" ind1="2" ind2=" ">
   <subfield code="a">Brilliance Audio (Firm)</subfield>
  </datafield>
  <datafield tag="907" ind1=" " ind2=" ">
   <subfield code="a">.b12503939</subfield>
   <subfield code="b">07-31-24</subfield>
   <subfield code="c">06-01-09</subfield>
  </datafield>
  <datafield tag="998" ind1=" " ind2=" ">
   <subfield code="a">c</subfield>
   <subfield code="a">a</subfield>
   <subfield code="a">g</subfield>
   <subfield code="a">r</subfield>
   <subfield code="b">08-14-09</subfield>
   <subfield code="c">m</subfield>
   <subfield code="d">p  </subfield>
   <subfield code="e">-</subfield>
   <subfield code="f">eng</subfield>
   <subfield code="g">ohu</subfield>
   <subfield code="h">4</subfield>
   <subfield code="i">4</subfield>
  </datafield>
  <datafield tag="910" ind1=" " ind2=" ">
   <subfield code="a">RDA ENRICHED</subfield>
  </datafield>
  <datafield tag="910" ind1=" " ind2=" ">
   <subfield code="a">MARS</subfield>
  </datafield>
  <datafield tag="945" ind1=" " ind2=" ">
   <subfield code="a">J TB PLAY Dowd     </subfield>
   <subfield code="g">1</subfield>
   <subfield code="i">31743304366055</subfield>
   <subfield code="l">cjs  </subfield>
   <subfield code="o">-</subfield>
   <subfield code="p">$43.99</subfield>
   <subfield code="q">-</subfield>
   <subfield code="r">-</subfield>
   <subfield code="s">-  </subfield>
   <subfield code="t">68</subfield>
   <subfield code="u">32</subfield>
   <subfield code="v">17</subfield>
   <subfield code="w">0</subfield>
   <subfield code="x">2</subfield>
   <subfield code="y">.i18445767</subfield>
   <subfield code="z">09-08-09</subfield>
  </datafield>
  <datafield tag="945" ind1=" " ind2=" ">
   <subfield code="a">J TB PLAY Dowd     </subfield>
   <subfield code="g">1</subfield>
   <subfield code="i">31743304366048</subfield>
   <subfield code="l">ajs  </subfield>
   <subfield code="o">-</subfield>
   <subfield code="p">$43.99</subfield>
   <subfield code="q">-</subfield>
   <subfield code="r">-</subfield>
   <subfield code="s">-  </subfield>
   <subfield code="t">68</subfield>
   <subfield code="u">49</subfield>
   <subfield code="v">25</subfield>
   <subfield code="w">2</subfield>
   <subfield code="x">1</subfield>
   <subfield code="y">.i18445755</subfield>
   <subfield code="z">09-08-09</subfield>
  </datafield>
  <datafield tag="945" ind1=" " ind2=" ">
   <subfield code="a">J TB PLAY Dowd     </subfield>
   <subfield code="g">1</subfield>
   <subfield code="i">31743304366097</subfield>
   <subfield code="l">gjs  </subfield>
   <subfield code="o">-</subfield>
   <subfield code="p">$43.99</subfield>
   <subfield code="q">-</subfield>
   <subfield code="r">-</subfield>
   <subfield code="s">-  </subfield>
   <subfield code="t">68</subfield>
   <subfield code="u">22</subfield>
   <subfield code="v">4</subfield>
   <subfield code="w">0</subfield>
   <subfield code="x">1</subfield>
   <subfield code="y">.i18445809</subfield>
   <subfield code="z">09-08-09</subfield>
  </datafield>
  <datafield tag="945" ind1=" " ind2=" ">
   <subfield code="a">J TB PLAY Dowd     </subfield>
   <subfield code="g">1</subfield>
   <subfield code="i">31743304366105</subfield>
   <subfield code="l">rjs  </subfield>
   <subfield code="o">n</subfield>
   <subfield code="p">$43.99</subfield>
   <subfield code="q">-</subfield>
   <subfield code="r">-</subfield>
   <subfield code="s">n  </subfield>
   <subfield code="t">68</subfield>
   <subfield code="u">75</subfield>
   <subfield code="v">43</subfield>
   <subfield code="w">0</subfield>
   <subfield code="x">0</subfield>
   <subfield code="y">.i18445810</subfield>
   <subfield code="z">09-08-09</subfield>
  </datafield>
 </record>