<record>
  <leader>02685nim a2200577 a 4500</leader>
  <controlfield tag="005">20150808051432.0</controlfield>
  <controlfield tag="007">sz uunznnnzned</controlfield>
  <controlfield tag="008">090814s2009    ohunnn c       f    eng d</controlfield>
  <datafield tag="020" ind1=" " ind2=" ">
   <subfield code="a">9781605147536 :</subfield>
   <subfield code="c">$43.99</subfield>
  </datafield>
  <datafield tag="028" ind1="0" ind2="1">
   <subfield code="a">2269</subfield>
   <subfield code="b">Playaway Digital Audio</subfield>
  </datafield>
  <datafield tag="040" ind1=" " ind2=" ">
   <subfield code="a">PDV</subfield>
   <subfield code="c">PDV</subfield>
   <subfield code="d">UtOrBLW</subfield>
  </datafield>
  <datafield tag="049" ind1=" " ind2=" ">
   <subfield code="a">PDV</subfield>
  </datafield>
  <datafield tag="092" ind1=" " ind2=" ">
   <subfield code="a">J TB PLAY</subfield>
   <subfield code="b">White</subfield>
  </datafield>
  <datafield tag="100" ind1="1" ind2=" ">
   <subfield code="a">White, T. H.</subfield>
   <subfield code="q">(Terence Hanbury),</subfield>
   <subfield code="d">1906-1964.</subfield>
  </datafield>
  <datafield tag="245" ind1="1" ind2="4">
   <subfield code="a">The sword in the stone</subfield>
   <subfield code="h">[sound recording (Playaway)] /</subfield>
   <subfield code="c">T.H. White.</subfield>
  </datafield>
  <datafield tag="264" ind1=" " ind2="1">
   <subfield code="a">[Solon, Ohio] :</subfield>
   <subfield code="b">Findaway World,</subfield>
   <subfield code="c">[2009]</subfield>
  </datafield>
  <datafield tag="264" ind1=" " ind2="4">
   <subfield code="c">c2009.</subfield>
  </datafield>
  <datafield tag="300" ind1=" " ind2=" ">
   <subfield code="a">1 sound media player (8 hr., 30 min.) :</subfield>
   <subfield code="b">digital ;</subfield>
   <subfield code="c">9 x 6 cm.</subfield>
  </datafield>
  <datafield tag="336" ind1=" " ind2=" ">
   <subfield code="a">spoken word</subfield>
   <subfield code="b">spw</subfield>
   <subfield code="2">rdacontent.</subfield>
  </datafield>
  <datafield tag="337" ind1=" " ind2=" ">
   <subfield code="a">audio</subfield>
   <subfield code="b">s</subfield>
   <subfield code="2">rdamedia.</subfield>
  </datafield>
  <datafield tag="338" ind1=" " ind2=" ">
   <subfield code="a">other audio carrier</subfield>
   <subfield code="b">sz</subfield>
   <subfield code="2">rdacarrier.</subfield>
  </datafield>
  <datafield tag="500" ind1=" " ind2=" ">
   <subfield code="a">Issued on Playaway, a dedicated audio media player.</subfield>
  </datafield>
  <datafield tag="500" ind1=" " ind2=" ">
   <subfield code="a">Unabridged.</subfield>
  </datafield>
  <datafield tag="500" ind1=" " ind2=" ">
   <subfield code="a">Originally recorded by Naxos AudioBooks, p2008.</subfield>
  </datafield>
  <datafield tag="500" ind1=" " ind2=" ">
   <subfield code="a">"Naxos AudioBooks"--Container.</subfield>
  </datafield>
  <datafield tag="500" ind1=" " ind2=" ">
   <subfield code="a">In container (21 cm.).</subfield>
  </datafield>
  <datafield tag="500" ind1=" " ind2=" ">
   <subfield code="a">Text version copyright 1939.</subfield>
  </datafield>
  <datafield tag="511" ind1="0" ind2=" ">
   <subfield code="a">Read by Neville Jason.</subfield>
  </datafield>
  <datafield tag="500" ind1=" " ind2=" ">
   <subfield code="a">"The first part of The once and future king"--Container.</subfield>
  </datafield>
  <datafield tag="520" ind1=" " ind2=" ">
   <subfield code="a">A retelling of the Arthurian legend.</subfield>
  </datafield>
  <datafield tag="590" ind1=" " ind2=" ">
   <subfield code="a">Requires 1 set of earphones + 1 AAA battery -- Not included.</subfield>
  </datafield>
  <datafield tag="600" ind1="0" ind2="0">
   <subfield code="a">Arthur, King</subfield>
   <subfield code="v">Juvenile sound recordings.</subfield>
  </datafield>
  <datafield tag="650" ind1=" " ind2="0">
   <subfield code="a">Knights and knighthood</subfield>
   <subfield code="v">Fiction</subfield>
   <subfield code="v">Juvenile sound recordings.</subfield>
  </datafield>
  <datafield tag="650" ind1=" " ind2="0">
   <subfield code="a">Britons</subfield>
   <subfield code="x">Kings and rulers</subfield>
   <subfield code="v">Fiction</subfield>
   <subfield code="v">Juvenile sound recordings.</subfield>
  </datafield>
  <datafield tag="650" ind1=" " ind2="0">
   <subfield code="a">Arthurian romances</subfield>
   <subfield code="v">Adaptations</subfield>
   <subfield code="v">Fiction</subfield>
   <subfield code="v">Juvenile sound recordings.</subfield>
  </datafield>
  <datafield tag="650" ind1=" " ind2="0">
   <subfield code="a">Historical fiction</subfield>
   <subfield code="v">Juvenile sound recordings.</subfield>
  </datafield>
  <datafield tag="650" ind1=" " ind2="0">
   <subfield code="a">Fantasy fiction</subfield>
   <subfield code="v">Juvenile sound recordings.</subfield>
  </datafield>
  <datafield tag="650" ind1=" " ind2="0">
   <subfield code="a">Knights and knighthood</subfield>
   <subfield code="z">Great Britain</subfield>
   <subfield code="v">Fiction</subfield>
   <subfield code="v">Juvenile sound recordings.</subfield>
  </datafield>
  <datafield tag="650" ind1=" " ind2="0">
   <subfield code="a">Children's audiobooks.</subfield>
  </datafield>
  <datafield tag="690" ind1=" " ind2=" ">
   <subfield code="a">Playaways for children.</subfield>
  </datafield>
  <datafield tag="700" ind1="1" ind2=" ">
   <subfield code="a">Jason, Neville.</subfield>
  </datafield>
  <datafield tag="700" ind1="1" ind2=" ">
   <subfield code="a">White, T. H.</subfield>
   <subfield code="q">(Terence Hanbury),</subfield>
   <subfield code="d">1906-1964.</subfield>
   <subfield code="t">Once and future king.</subfield>
  </datafield>
  <datafield tag="710" ind1="2" ind2=" ">
   <subfield code="a">Naxos AudioBooks, Ltd.</subfield>
  </datafield>
  <datafield tag="907" ind1=" " ind2=" ">
   <subfield code="a">.b12503940</subfield>
   <subfield code="b">01-27-25</subfield>
   <subfield code="c">06-01-09</subfield>
  </datafield>
  <datafield tag="998" ind1=" " ind2=" ">
   <subfield code="a">m</subfield>
   <subfield code="a">c</subfield>
   <subfield code="a">a</subfield>
   <subfield code="a">r</subfield>
   <subfield code="b">08-14-09</subfield>
   <subfield code="c">m</subfield>
   <subfield code="d">p  </subfield>
   <subfield code="e">-</subfield>
   <subfield code="f">eng</subfield>
   <subfield code="g">ohu</subfield>
   <subfield code="h">4</subfield>
   <subfield code="i">5</subfield>
  </datafield>
  <datafield tag="910" ind1=" " ind2=" ">
   <subfield code="a">RDA ENRICHED</subfield>
  </datafield>
  <datafield tag="910" ind1=" " ind2=" ">
   <subfield code="a">MARS</subfield>
  </datafield>
  <datafield tag="945" ind1=" " ind2=" ">
   <subfield code="a">J TB PLAY White     </subfield>
   <subfield code="g">1</subfield>
   <subfield code="i">31743306436617</subfield>
   <subfield code="l">mjs  </subfield>
   <subfield code="o">-</subfield>
   <subfield code="p">$43.99</subfield>
   <subfield code="q">-</subfield>
   <subfield code="r">-</subfield>
   <subfield code="s">-  </subfield>
   <subfield code="t">68</subfield>
   <subfield code="u">90</subfield>
   <subfield code="v">41</subfield>
   <subfield code="w">3</subfield>
   <subfield code="x">3</subfield>
   <subfield code="y">.i18445354</subfield>
   <subfield code="z">09-08-09</subfield>
  </datafield>
  <datafield tag="945" ind1=" " ind2=" ">
   <subfield code="a">J TB PLAY White     </subfield>
   <subfield code="g">1</subfield>
   <subfield code="i">31743304365875</subfield>
   <subfield code="l">cjs  </subfield>
   <subfield code="o">-</subfield>
   <subfield code="p">$43.99</subfield>
   <subfield code="q">-</subfield>
   <subfield code="r">-</subfield>
   <subfield code="s">-  </subfield>
   <subfield code="t">68</subfield>
   <subfield code="u">55</subfield>
   <subfield code="v">14</subfield>
   <subfield code="w">2</subfield>
   <subfield code="x">3</subfield>
   <subfield code="y">.i18445378</subfield>
   <subfield code="z">09-08-09</subfield>
  </datafield>
  <datafield tag="945" ind1=" " ind2=" ">
   <subfield code="a">J TB PLAY White     </subfield>
   <subfield code="g">1</subfield>
   <subfield code="i">31743304365867</subfield>
   <subfield code="l">ajs  </subfield>
   <subfield code="o">-</subfield>
   <subfield code="p">$43.99</subfield>
   <subfield code="q">-</subfield>
   <subfield code="r">-</subfield>
   <subfield code="s">-  </subfield>
   <subfield code="t">68</subfield>
   <subfield code="u">56</subfield>
   <subfield code="v">28</subfield>
   <subfield code="w">2</subfield>
   <subfield code="x">1</subfield>
   <subfield code="y">.i18445366</subfield>
   <subfield code="z">09-08-09</subfield>
  </datafield>
  <datafield tag="945" ind1=" " ind2=" ">
   <subfield code="a">J TB PLAY White     </subfield>
   <subfield code="g">1</subfield>
   <subfield code="i">31743304365925</subfield>
   <subfield code="l">rjs  </subfield>
   <subfield code="o">-</subfield>
   <subfield code="p">$43.99</subfield>
   <subfield code="q">-</subfield>
   <subfield code="r">-</subfield>
   <subfield code="s">-  </subfield>
   <subfield code="t">68</subfield>
   <subfield code="u">122</subfield>
   <subfield code="v">57</subfield>
   <subfield code="w">1</subfield>
   <subfield code="x">6</subfield>
   <subfield code="y">.i18445421</subfield>
   <subfield code="z">09-08-09</subfield>
  </datafield>
 </record>