<record>
  <leader>02236cam a2200457 a 4500</leader>
  <controlfield tag="001">ocm00000009</controlfield>
  <controlfield tag="005">20150808051432.0</controlfield>
  <controlfield tag="008">070221r20072006nyua   b      000 1 eng  </controlfield>
  <datafield tag="010" ind1=" " ind2=" ">
   <subfield code="a">2007001569</subfield>
  </datafield>
  <datafield tag="020" ind1=" " ind2=" ">
   <subfield code="a">9781416934738 (hardcover) :</subfield>
   <subfield code="c">$17.99</subfield>
  </datafield>
  <datafield tag="020" ind1=" " ind2=" ">
   <subfield code="a">1416934731 (hardcover)</subfield>
  </datafield>
  <datafield tag="040" ind1=" " ind2=" ">
   <subfield code="a">DLC</subfield>
   <subfield code="c">DLC</subfield>
   <subfield code="d">DLC</subfield>
   <subfield code="d">UtOrBLW</subfield>
  </datafield>
  <datafield tag="049" ind1=" " ind2=" ">
   <subfield code="a">PDV</subfield>
  </datafield>
  <datafield tag="092" ind1=" " ind2=" ">
   <subfield code="a">JP</subfield>
   <subfield code="b">Gravett</subfield>
  </datafield>
  <datafield tag="100" ind1="1" ind2=" ">
   <subfield code="a">Gravett, Emily.</subfield>
  </datafield>
  <datafield tag="245" ind1="1" ind2="0">
   <subfield code="a">Meerkat mail /</subfield>
   <subfield code="c">Emily Gravett.</subfield>
  </datafield>
  <datafield tag="250" ind1=" " ind2=" ">
   <subfield code="a">1st U.S. ed.</subfield>
  </datafield>
  <datafield tag="264" ind1=" " ind2="1">
   <subfield code="a">New York :</subfield>
   <subfield code="b">Simon &amp; Schuster Books for Young Readers,</subfield>
   <subfield code="c">2007.</subfield>
  </datafield>
  <datafield tag="300" ind1=" " ind2=" ">
   <subfield code="a">1 volume (unpaged) :</subfield>
   <subfield code="b">color illustrations ;</subfield>
   <subfield code="c">23 x 28 cm.</subfield>
  </datafield>
  <datafield tag="336" ind1=" " ind2=" ">
   <subfield code="a">text</subfield>
   <subfield code="b">txt</subfield>
   <subfield code="2">rdacontent.</subfield>
  </datafield>
  <datafield tag="337" ind1=" " ind2=" ">
   <subfield code="a">unmediated</subfield>
   <subfield code="b">n</subfield>
   <subfield code="2">rdamedia.</subfield>
  </datafield>
  <datafield tag="338" ind1=" " ind2=" ">
   <subfield code="a">volume</subfield>
   <subfield code="b">nc</subfield>
   <subfield code="2">rdacarrier.</subfield>
  </datafield>
  <datafield tag="520" ind1=" " ind2=" ">
   <subfield code="a">Through a series of flip-up postcards addressed to his family, Sunny Meerkat documents his travels as he searches for the perfect place to live.</subfield>
  </datafield>
  <datafield tag="650" ind1=" " ind2="0">
   <subfield code="a">Toy and movable books</subfield>
   <subfield code="v">Specimens</subfield>
   <subfield code="v">Juvenile fiction.</subfield>
  </datafield>
  <datafield tag="650" ind1=" " ind2="0">
   <subfield code="a">Voyages and travels</subfield>
   <subfield code="v">Juvenile fiction.</subfield>
  </datafield>
  <datafield tag="650" ind1=" " ind2="0">
   <subfield code="a">Meerkat</subfield>
   <subfield code="v">Juvenile fiction.</subfield>
  </datafield>
  <datafield tag="650" ind1=" " ind2="0">
   <subfield code="a">Postcards</subfield>
   <subfield code="v">Juvenile fiction.</subfield>
  </datafield>
  <datafield tag="650" ind1=" " ind2="0">
   <subfield code="a">Contentment</subfield>
   <subfield code="v">Juvenile fiction.</subfield>
  </datafield>
  <datafield tag="651" ind1=" " ind2="0">
   <subfield code="a">Africa</subfield>
   <subfield code="v">Juvenile fiction.</subfield>
  </datafield>
  <datafield tag="655" ind1=" " ind2="7">
   <subfield code="a">Picture books for children.</subfield>
   <subfield code="2">lcsh.</subfield>
  </datafield>
  <datafield tag="907" ind1=" " ind2=" ">
   <subfield code="a">.b12503952</subfield>
   <subfield code="b">02-10-25</subfield>
   <subfield code="c">06-01-09</subfield>
  </datafield>
  <datafield tag="998" ind1=" " ind2=" ">
   <subfield code="a">m</subfield>
   <subfield code="a">c</subfield>
   <subfield code="a">a</subfield>
   <subfield code="a">g</subfield>
   <subfield code="a">l</subfield>
   <subfield code="a">r</subfield>
   <subfield code="a">s</subfield>
   <subfield code="b">07-30-09</subfield>
   <subfield code="c">m</subfield>
   <subfield code="d">a  </subfield>
   <subfield code="e">-</subfield>
   <subfield code="f">eng</subfield>
   <subfield code="g">nyu</subfield>
   <subfield code="h">0</subfield>
   <subfield code="i">8</subfield>
  </datafield>
  <datafield tag="910" ind1=" " ind2=" ">
   <subfield code="a">RDA ENRICHED</subfield>
  </datafield>
  <datafield tag="910" ind1=" " ind2=" ">
   <subfield code="a">MARS</subfield>
  </datafield>
  <datafield tag="945" ind1=" " ind2=" ">
   <subfield code="a">JP Gravett     </subfield>
   <subfield code="g">1</subfield>
   <subfield code="i">31743304340100</subfield>
   <subfield code="l">mjs  </subfield>
   <subfield code="o">-</subfield>
   <subfield code="p">$17.99</subfield>
   <subfield code="q">-</subfield>
   <subfield code="r">-</subfield>
   <subfield code="s">-  </subfield>
   <subfield code="t">19</subfield>
   <subfield code="u">62</subfield>
   <subfield code="v">15</subfield>
   <subfield code="w">1</subfield>
   <subfield code="x">3</subfield>
   <subfield code="y">.i18381728</subfield>
   <subfield code="z">08-03-09</subfield>
  </datafield>
  <datafield tag="945" ind1=" " ind2=" ">
   <subfield code="a">JP Gravett     </subfield>
   <subfield code="g">1</subfield>
   <subfield code="i">31743304340134</subfield>
   <subfield code="l">cjs  </subfield>
   <subfield code="o">-</subfield>
   <subfield code="p">$17.99</subfield>
   <subfield code="q">-</subfield>
   <subfield code="r">-</subfield>
   <subfield code="s">-  </subfield>
   <subfield code="t">19</subfield>
   <subfield code="u">70</subfield>
   <subfield code="v">17</subfield>
   <subfield code="w">1</subfield>
   <subfield code="x">0</subfield>
   <subfield code="y">.i18381753</subfield>
   <subfield code="z">08-03-09</subfield>
  </datafield>
  <datafield tag="945" ind1=" " ind2=" ">
   <subfield code="a">JP Gravett     </subfield>
   <subfield code="g">1</subfield>
   <subfield code="i">31743304340118</subfield>
   <subfield code="l">ajs  </subfield>
   <subfield code="o">-</subfield>
   <subfield code="p">$17.99</subfield>
   <subfield code="q">-</subfield>
   <subfield code="r">-</subfield>
   <subfield code="s">-  </subfield>
   <subfield code="t">19</subfield>
   <subfield code="u">72</subfield>
   <subfield code="v">19</subfield>
   <subfield code="w">1</subfield>
   <subfield code="x">1</subfield>
   <subfield code="y">.i1838173x</subfield>
   <subfield code="z">08-03-09</subfield>
  </datafield>
  <datafield tag="945" ind1=" " ind2=" ">
   <subfield code="a">JP Gravett     </subfield>
   <subfield code="g">1</subfield>
   <subfield code="i">31743304340167</subfield>
   <subfield code="l">gjs  </subfield>
   <subfield code="o">-</subfield>
   <subfield code="p">$17.99</subfield>
   <subfield code="q">-</subfield>
   <subfield code="r">-</subfield>
   <subfield code="s">-  </subfield>
   <subfield code="t">19</subfield>
   <subfield code="u">52</subfield>
   <subfield code="v">9</subfield>
   <subfield code="w">2</subfield>
   <subfield code="x">1</subfield>
   <subfield code="y">.i18381789</subfield>
   <subfield code="z">08-03-09</subfield>
  </datafield>
  <datafield tag="945" ind1=" " ind2=" ">
   <subfield code="a">JP Gravett     </subfield>
   <subfield code="g">1</subfield>
   <subfield code="i">31743304340142</subfield>
   <subfield code="l">ljs  </subfield>
   <subfield code="o">-</subfield>
   <subfield code="p">$17.99</subfield>
   <subfield code="q">-</subfield>
   <subfield code="r">-</subfield>
   <subfield code="s">-  </subfield>
   <subfield code="t">19</subfield>
   <subfield code="u">38</subfield>
   <subfield code="v">12</subfield>
   <subfield code="w">1</subfield>
   <subfield code="x">4</subfield>
   <subfield code="y">.i18381765</subfield>
   <subfield code="z">08-03-09</subfield>
  </datafield>
  <datafield tag="945" ind1=" " ind2=" ">
   <subfield code="a">JP Gravett     </subfield>
   <subfield code="g">1</subfield>
   <subfield code="i">31743306642859</subfield>
   <subfield code="l">rjs  </subfield>
   <subfield code="o">-</subfield>
   <subfield code="p">$17.99</subfield>
   <subfield code="q">-</subfield>
   <subfield code="r">-</subfield>
   <subfield code="s">-  </subfield>
   <subfield code="t">19</subfield>
   <subfield code="u">136</subfield>
   <subfield code="v">35</subfield>
   <subfield code="w">2</subfield>
   <subfield code="x">5</subfield>
   <subfield code="y">.i18381790</subfield>
   <subfield code="z">08-03-09</subfield>
  </datafield>
  <datafield tag="945" ind1=" " ind2=" ">
   <subfield code="a">JP Gravett     </subfield>
   <subfield code="g">1</subfield>
   <subfield code="i">31743304340126</subfield>
   <subfield code="l">sjs  </subfield>
   <subfield code="o">-</subfield>
   <subfield code="p">$17.99</subfield>
   <subfield code="q">-</subfield>
   <subfield code="r">-</subfield>
   <subfield code="s">-  </subfield>
   <subfield code="t">19</subfield>
   <subfield code="u">27</subfield>
   <subfield code="v">6</subfield>
   <subfield code="w">0</subfield>
   <subfield code="x">1</subfield>
   <subfield code="y">.i18381741</subfield>
   <subfield code="z">08-03-09</subfield>
  </datafield>
 </record>