<record>
  <leader>02544nim a2200541 a 4500</leader>
  <controlfield tag="005">20150808051432.0</controlfield>
  <controlfield tag="007">sz uunznnnzned</controlfield>
  <controlfield tag="008">090814s2008    ohunnn j       f    eng d</controlfield>
  <datafield tag="020" ind1=" " ind2=" ">
   <subfield code="a">9781606406823 :</subfield>
   <subfield code="c">$64.99</subfield>
  </datafield>
  <datafield tag="028" ind1="0" ind2="1">
   <subfield code="a">2846</subfield>
   <subfield code="b">Playaway Digital Audio</subfield>
  </datafield>
  <datafield tag="040" ind1=" " ind2=" ">
   <subfield code="a">PDV</subfield>
   <subfield code="c">PDV</subfield>
   <subfield code="d">UtOrBLW</subfield>
  </datafield>
  <datafield tag="049" ind1=" " ind2=" ">
   <subfield code="a">PDV</subfield>
  </datafield>
  <datafield tag="092" ind1=" " ind2=" ">
   <subfield code="a">YA TB PLAY</subfield>
   <subfield code="b">Collins</subfield>
  </datafield>
  <datafield tag="100" ind1="1" ind2=" ">
   <subfield code="a">Collins, Suzanne.</subfield>
  </datafield>
  <datafield tag="245" ind1="1" ind2="4">
   <subfield code="a">The hunger games</subfield>
   <subfield code="h">[sound recording (Playaway)] /</subfield>
   <subfield code="c">Suzanne Collins.</subfield>
  </datafield>
  <datafield tag="264" ind1=" " ind2="1">
   <subfield code="a">[Solon, Ohio] :</subfield>
   <subfield code="b">Findaway World,</subfield>
   <subfield code="c">[2009]</subfield>
  </datafield>
  <datafield tag="264" ind1=" " ind2="4">
   <subfield code="c">c2009.</subfield>
  </datafield>
  <datafield tag="300" ind1=" " ind2=" ">
   <subfield code="a">1 sound media player (11 hr., 11 min.) :</subfield>
   <subfield code="b">digital ;</subfield>
   <subfield code="c">9 x 6 cm.</subfield>
  </datafield>
  <datafield tag="336" ind1=" " ind2=" ">
   <subfield code="a">spoken word</subfield>
   <subfield code="b">spw</subfield>
   <subfield code="2">rdacontent.</subfield>
  </datafield>
  <datafield tag="337" ind1=" " ind2=" ">
   <subfield code="a">audio</subfield>
   <subfield code="b">s</subfield>
   <subfield code="2">rdamedia.</subfield>
  </datafield>
  <datafield tag="338" ind1=" " ind2=" ">
   <subfield code="a">other audio carrier</subfield>
   <subfield code="b">sz</subfield>
   <subfield code="2">rdacarrier.</subfield>
  </datafield>
  <datafield tag="500" ind1=" " ind2=" ">
   <subfield code="a">Issued on Playaway, a dedicated audio media player.</subfield>
  </datafield>
  <datafield tag="500" ind1=" " ind2=" ">
   <subfield code="a">Unabridged.</subfield>
  </datafield>
  <datafield tag="500" ind1=" " ind2=" ">
   <subfield code="a">Originally recorded by Scholastic Audiobooks, p2008.</subfield>
  </datafield>
  <datafield tag="500" ind1=" " ind2=" ">
   <subfield code="a">"Scholastic Audiobooks"--Container.</subfield>
  </datafield>
  <datafield tag="500" ind1=" " ind2=" ">
   <subfield code="a">In container (21 cm.).</subfield>
  </datafield>
  <datafield tag="520" ind1=" " ind2=" ">
   <subfield code="a">In the Capitol of Panem, a nation that lies in the ruins of North America, sixtreen-year-old Katniss Everdeen, for whom survival is second nature, steps forward to what she sees as a death sentence when she takes her younger sister's place in the Capitol's annual Hunger Games, a fight to the death on live TV.</subfield>
  </datafield>
  <datafield tag="511" ind1="0" ind2=" ">
   <subfield code="a">Read by Carolyn McCormick.</subfield>
  </datafield>
  <datafield tag="590" ind1=" " ind2=" ">
   <subfield code="a">Requires 1 set of earphones + 1 AAA battery -- Not included.</subfield>
  </datafield>
  <datafield tag="650" ind1=" " ind2="0">
   <subfield code="a">Insurgency</subfield>
   <subfield code="v">Fiction</subfield>
   <subfield code="v">Young adult sound recordings.</subfield>
  </datafield>
  <datafield tag="650" ind1=" " ind2="0">
   <subfield code="a">Survival</subfield>
   <subfield code="v">Fiction</subfield>
   <subfield code="v">Young adult sound recordings.</subfield>
  </datafield>
  <datafield tag="650" ind1=" " ind2="0">
   <subfield code="a">Television programs</subfield>
   <subfield code="v">Fiction</subfield>
   <subfield code="v">Young adult sound recordings.</subfield>
  </datafield>
  <datafield tag="650" ind1=" " ind2="0">
   <subfield code="a">Interpersonal relations</subfield>
   <subfield code="v">Fiction</subfield>
   <subfield code="v">Young adult sound recordings.</subfield>
  </datafield>
  <datafield tag="650" ind1=" " ind2="0">
   <subfield code="a">Contests</subfield>
   <subfield code="v">Fiction</subfield>
   <subfield code="v">Young adult sound recordings.</subfield>
  </datafield>
  <datafield tag="650" ind1=" " ind2="0">
   <subfield code="a">Science fiction</subfield>
   <subfield code="v">Young adult sound recordings.</subfield>
  </datafield>
  <datafield tag="650" ind1=" " ind2="0">
   <subfield code="a">Young adult audiobooks.</subfield>
  </datafield>
  <datafield tag="690" ind1=" " ind2=" ">
   <subfield code="a">Playaways for young adults.</subfield>
  </datafield>
  <datafield tag="700" ind1="1" ind2=" ">
   <subfield code="a">McCormick, Carolyn,</subfield>
   <subfield code="e">narrator.</subfield>
  </datafield>
  <datafield tag="710" ind1="2" ind2=" ">
   <subfield code="a">Scholastic Audiobooks.</subfield>
  </datafield>
  <datafield tag="710" ind1="2" ind2=" ">
   <subfield code="a">Playaway Digital Audio.</subfield>
  </datafield>
  <datafield tag="710" ind1="2" ind2=" ">
   <subfield code="a">Findaway World, LLC.</subfield>
  </datafield>
  <datafield tag="830" ind1=" " ind2="0">
   <subfield code="a">Hunger games series ;</subfield>
   <subfield code="v">bk. 1.</subfield>
  </datafield>
  <datafield tag="907" ind1=" " ind2=" ">
   <subfield code="a">.b12503988</subfield>
   <subfield code="b">03-13-25</subfield>
   <subfield code="c">06-01-09</subfield>
  </datafield>
  <datafield tag="998" ind1=" " ind2=" ">
   <subfield code="a">a</subfield>
   <subfield code="a">r</subfield>
   <subfield code="b">08-14-09</subfield>
   <subfield code="c">m</subfield>
   <subfield code="d">p  </subfield>
   <subfield code="e">-</subfield>
   <subfield code="f">eng</subfield>
   <subfield code="g">ohu</subfield>
   <subfield code="h">4</subfield>
   <subfield code="i">4</subfield>
  </datafield>
  <datafield tag="910" ind1=" " ind2=" ">
   <subfield code="a">RDA ENRICHED</subfield>
  </datafield>
  <datafield tag="910" ind1=" " ind2=" ">
   <subfield code="a">MARS</subfield>
  </datafield>
  <datafield tag="945" ind1=" " ind2=" ">
   <subfield code="a">YA TB PLAY Collins     </subfield>
   <subfield code="g">1</subfield>
   <subfield code="i">31743304681420</subfield>
   <subfield code="l">aya  </subfield>
   <subfield code="o">-</subfield>
   <subfield code="p">$64.99</subfield>
   <subfield code="q">-</subfield>
   <subfield code="r">-</subfield>
   <subfield code="s">-  </subfield>
   <subfield code="t">69</subfield>
   <subfield code="u">53</subfield>
   <subfield code="v">30</subfield>
   <subfield code="w">0</subfield>
   <subfield code="x">1</subfield>
   <subfield code="y">.i18692345</subfield>
   <subfield code="z">03-31-10</subfield>
  </datafield>
  <datafield tag="945" ind1=" " ind2=" ">
   <subfield code="a">YA TB PLAY Collins     </subfield>
   <subfield code="g">1</subfield>
   <subfield code="i">31743304536764</subfield>
   <subfield code="l">rya  </subfield>
   <subfield code="o">-</subfield>
   <subfield code="p">$64.99</subfield>
   <subfield code="q">-</subfield>
   <subfield code="r">-</subfield>
   <subfield code="s">-  </subfield>
   <subfield code="t">69</subfield>
   <subfield code="u">99</subfield>
   <subfield code="v">32</subfield>
   <subfield code="w">3</subfield>
   <subfield code="x">5</subfield>
   <subfield code="y">.i18445676</subfield>
   <subfield code="z">09-08-09</subfield>
  </datafield>
 </record>