<record>
  <leader>02448cim a2200553 a 4500</leader>
  <controlfield tag="001">rbi00052038</controlfield>
  <controlfield tag="005">20150808051433.0</controlfield>
  <controlfield tag="007">sz uunznnnzned</controlfield>
  <controlfield tag="008">061113t20082005ohunnn j       f    eng d</controlfield>
  <datafield tag="020" ind1=" " ind2=" ">
   <subfield code="a">9781428131552</subfield>
   <subfield code="z">97814428131552  $56.75</subfield>
  </datafield>
  <datafield tag="028" ind1="0" ind2="1">
   <subfield code="a">52038</subfield>
   <subfield code="b">Playaway Digital Audio</subfield>
  </datafield>
  <datafield tag="028" ind1="0" ind2="1">
   <subfield code="a">6037</subfield>
   <subfield code="b">Playaway Digital Audio</subfield>
  </datafield>
  <datafield tag="040" ind1=" " ind2=" ">
   <subfield code="a">CtWfDGI</subfield>
   <subfield code="b">eng</subfield>
   <subfield code="c">CtWfDGI</subfield>
   <subfield code="d">CtWfDGI</subfield>
   <subfield code="d">UtOrBLW</subfield>
  </datafield>
  <datafield tag="049" ind1=" " ind2=" ">
   <subfield code="a">PDV</subfield>
  </datafield>
  <datafield tag="092" ind1=" " ind2=" ">
   <subfield code="a">YA TB PLAY</subfield>
   <subfield code="b">Horowitz</subfield>
  </datafield>
  <datafield tag="100" ind1="1" ind2=" ">
   <subfield code="a">Horowitz, Anthony,</subfield>
   <subfield code="d">1955-</subfield>
  </datafield>
  <datafield tag="245" ind1="1" ind2="0">
   <subfield code="a">Raven's gate</subfield>
   <subfield code="h">[sound recording (Playaway)] /</subfield>
   <subfield code="c">Anthony Horowitz.</subfield>
  </datafield>
  <datafield tag="264" ind1=" " ind2="1">
   <subfield code="a">[Ohio?] :</subfield>
   <subfield code="b">Findaway World,</subfield>
   <subfield code="c">[2008]</subfield>
  </datafield>
  <datafield tag="264" ind1=" " ind2="4">
   <subfield code="c">c2008</subfield>
  </datafield>
  <datafield tag="300" ind1=" " ind2=" ">
   <subfield code="a">1 sound media player (7 hr., 15 min.) :</subfield>
   <subfield code="b">digital ;</subfield>
   <subfield code="c">9 x 6 cm.</subfield>
  </datafield>
  <datafield tag="336" ind1=" " ind2=" ">
   <subfield code="a">spoken word</subfield>
   <subfield code="b">spw</subfield>
   <subfield code="2">rdacontent</subfield>
  </datafield>
  <datafield tag="337" ind1=" " ind2=" ">
   <subfield code="a">audio</subfield>
   <subfield code="b">s</subfield>
   <subfield code="2">rdamedia</subfield>
  </datafield>
  <datafield tag="338" ind1=" " ind2=" ">
   <subfield code="a">other audio carrier</subfield>
   <subfield code="b">sz</subfield>
   <subfield code="2">rdacarrier</subfield>
  </datafield>
  <datafield tag="440" ind1=" " ind2="4">
   <subfield code="a">The Gatekeepers ;</subfield>
   <subfield code="v">bk. 1</subfield>
  </datafield>
  <datafield tag="500" ind1=" " ind2=" ">
   <subfield code="a">Issued on Playaway, a dedicated audio media player</subfield>
  </datafield>
  <datafield tag="500" ind1=" " ind2=" ">
   <subfield code="a">Unabridged.</subfield>
  </datafield>
  <datafield tag="500" ind1=" " ind2=" ">
   <subfield code="a">"Playaway. The first pre-loaded digital audiobook."--Container.</subfield>
  </datafield>
  <datafield tag="500" ind1=" " ind2=" ">
   <subfield code="a">Originally recorded by Recorded Book, p2005.</subfield>
  </datafield>
  <datafield tag="500" ind1=" " ind2=" ">
   <subfield code="a">"Recorded Books"--Container.</subfield>
  </datafield>
  <datafield tag="500" ind1=" " ind2=" ">
   <subfield code="a">In container (21 cm.).</subfield>
  </datafield>
  <datafield tag="511" ind1="0" ind2=" ">
   <subfield code="a">Narrated by Simon Prebble.</subfield>
  </datafield>
  <datafield tag="520" ind1=" " ind2=" ">
   <subfield code="a">Sent to live in a foster home in a remote Yorkshire village, Matt, a troubled fourteen-year-old English boy, uncovers an evil plot involving witchcraft and the site of an ancient stone circle.</subfield>
  </datafield>
  <datafield tag="590" ind1=" " ind2=" ">
   <subfield code="a">Requires 1 set of earphones + 1 AAA battery -- Not included.</subfield>
  </datafield>
  <datafield tag="650" ind1=" " ind2="0">
   <subfield code="a">Witches</subfield>
   <subfield code="v">Fiction</subfield>
   <subfield code="v">Young adult sound recordings.</subfield>
  </datafield>
  <datafield tag="650" ind1=" " ind2="0">
   <subfield code="a">Stone circles</subfield>
   <subfield code="v">Fiction</subfield>
   <subfield code="v">Young adult sound recordings.</subfield>
  </datafield>
  <datafield tag="650" ind1=" " ind2="0">
   <subfield code="a">Paranormal fiction</subfield>
   <subfield code="v">Young adult sound recordings.</subfield>
  </datafield>
  <datafield tag="650" ind1=" " ind2="0">
   <subfield code="a">Foster home care</subfield>
   <subfield code="v">Fiction</subfield>
   <subfield code="v">Young adult sound recordings.</subfield>
  </datafield>
  <datafield tag="650" ind1=" " ind2="0">
   <subfield code="a">Identity (Philosophical concept)</subfield>
   <subfield code="v">Fiction</subfield>
   <subfield code="v">Young adult sound recordings.</subfield>
  </datafield>
  <datafield tag="651" ind1=" " ind2="0">
   <subfield code="a">Yorkshire (England)</subfield>
   <subfield code="v">Fiction</subfield>
   <subfield code="v">Young adult sound recordings.</subfield>
  </datafield>
  <datafield tag="651" ind1=" " ind2="0">
   <subfield code="a">England</subfield>
   <subfield code="v">Fiction</subfield>
   <subfield code="v">Young adult sound recordings.</subfield>
  </datafield>
  <datafield tag="650" ind1=" " ind2="0">
   <subfield code="a">Young adult audiobooks.</subfield>
  </datafield>
  <datafield tag="690" ind1=" " ind2=" ">
   <subfield code="a">Playaways for young adults.</subfield>
  </datafield>
  <datafield tag="700" ind1="1" ind2=" ">
   <subfield code="a">Prebble, Simon.</subfield>
  </datafield>
  <datafield tag="710" ind1="2" ind2=" ">
   <subfield code="a">Recorded Books, LLC.</subfield>
  </datafield>
  <datafield tag="907" ind1=" " ind2=" ">
   <subfield code="a">.b12504099</subfield>
   <subfield code="b">08-11-22</subfield>
   <subfield code="c">06-01-09</subfield>
  </datafield>
  <datafield tag="998" ind1=" " ind2=" ">
   <subfield code="a">a</subfield>
   <subfield code="b">08-28-09</subfield>
   <subfield code="c">m</subfield>
   <subfield code="d">p  </subfield>
   <subfield code="e">-</subfield>
   <subfield code="f">eng</subfield>
   <subfield code="g">ohu</subfield>
   <subfield code="h">0</subfield>
   <subfield code="i">0</subfield>
  </datafield>
  <datafield tag="910" ind1=" " ind2=" ">
   <subfield code="a">RDA ENRICHED</subfield>
  </datafield>
  <datafield tag="910" ind1=" " ind2=" ">
   <subfield code="a">MARS</subfield>
  </datafield>
  <datafield tag="945" ind1=" " ind2=" ">
   <subfield code="a">YA TB PLAY Horowitz     </subfield>
   <subfield code="g">1</subfield>
   <subfield code="i">31743304536905</subfield>
   <subfield code="l">aya  </subfield>
   <subfield code="o">-</subfield>
   <subfield code="p">$56.75</subfield>
   <subfield code="q">-</subfield>
   <subfield code="r">-</subfield>
   <subfield code="s">-  </subfield>
   <subfield code="t">69</subfield>
   <subfield code="u">18</subfield>
   <subfield code="v">13</subfield>
   <subfield code="w">0</subfield>
   <subfield code="x">0</subfield>
   <subfield code="y">.i18446048</subfield>
   <subfield code="z">09-08-09</subfield>
  </datafield>
 </record>