<record>
  <leader>02614cim a2200529La 4500</leader>
  <controlfield tag="001">ocn268957854</controlfield>
  <controlfield tag="005">20150808051433.0</controlfield>
  <controlfield tag="007">sz uunznnnzned</controlfield>
  <controlfield tag="008">081010p20082004ohunnnn        f  n eng d</controlfield>
  <datafield tag="020" ind1=" " ind2=" ">
   <subfield code="a">9781606407806 :</subfield>
   <subfield code="c">$47.99</subfield>
  </datafield>
  <datafield tag="028" ind1="0" ind2="1">
   <subfield code="a">2944</subfield>
   <subfield code="b">Playaway Digital Audio</subfield>
  </datafield>
  <datafield tag="040" ind1=" " ind2=" ">
   <subfield code="a">PLAYA</subfield>
   <subfield code="c">PLAYA</subfield>
   <subfield code="d">BTCTA</subfield>
   <subfield code="d">UtOrBLW</subfield>
  </datafield>
  <datafield tag="049" ind1=" " ind2=" ">
   <subfield code="a">PDV</subfield>
  </datafield>
  <datafield tag="092" ind1=" " ind2=" ">
   <subfield code="a">TB PLAY</subfield>
   <subfield code="b">Berg</subfield>
  </datafield>
  <datafield tag="100" ind1="1" ind2=" ">
   <subfield code="a">Berg, Elizabeth.</subfield>
  </datafield>
  <datafield tag="245" ind1="1" ind2="4">
   <subfield code="a">The art of mending</subfield>
   <subfield code="h">[sound recording (Playaway)] :</subfield>
   <subfield code="b">a novel /</subfield>
   <subfield code="c">Elizabeth Berg.</subfield>
  </datafield>
  <datafield tag="264" ind1=" " ind2="1">
   <subfield code="a">[Ohio?] :</subfield>
   <subfield code="b">Findaway World,</subfield>
   <subfield code="c">[2008]</subfield>
  </datafield>
  <datafield tag="264" ind1=" " ind2="4">
   <subfield code="c">c2008</subfield>
  </datafield>
  <datafield tag="300" ind1=" " ind2=" ">
   <subfield code="a">1 sound media player (approximately 6 hr.) :</subfield>
   <subfield code="b">digital ;</subfield>
   <subfield code="c">9 x 6 cm</subfield>
  </datafield>
  <datafield tag="336" ind1=" " ind2=" ">
   <subfield code="a">spoken word</subfield>
   <subfield code="b">spw</subfield>
   <subfield code="2">rdacontent</subfield>
  </datafield>
  <datafield tag="337" ind1=" " ind2=" ">
   <subfield code="a">audio</subfield>
   <subfield code="b">s</subfield>
   <subfield code="2">rdamedia</subfield>
  </datafield>
  <datafield tag="338" ind1=" " ind2=" ">
   <subfield code="a">other audio carrier</subfield>
   <subfield code="b">sz</subfield>
   <subfield code="2">rdacarrier</subfield>
  </datafield>
  <datafield tag="500" ind1=" " ind2=" ">
   <subfield code="a">Issued on Playaway, a dedicated audio media player.</subfield>
  </datafield>
  <datafield tag="500" ind1=" " ind2=" ">
   <subfield code="a">Unabridged.</subfield>
  </datafield>
  <datafield tag="500" ind1=" " ind2=" ">
   <subfield code="a">Originally recorded by Brilliance Audio, p2004.</subfield>
  </datafield>
  <datafield tag="511" ind1="0" ind2=" ">
   <subfield code="a">Read by Joyce Bean.</subfield>
  </datafield>
  <datafield tag="500" ind1=" " ind2=" ">
   <subfield code="a">"Brilliance Audio"--Container.</subfield>
  </datafield>
  <datafield tag="500" ind1=" " ind2=" ">
   <subfield code="a">In container (21 cm.).</subfield>
  </datafield>
  <datafield tag="520" ind1=" " ind2=" ">
   <subfield code="a">Laura Bartone anticipates her annual family reunion in Minnesota with a mixture of excitement and wariness. Yet this year's gathering will prove to be much more trying than either she or her siblings imagined. As soon as she arrives, Laura realizes that something is not right with her sister. Forever wrapped up in events of long ago, Caroline is the family's restless black sheep. When Caroline confronts Laura and their brother, Steve, with devastating allegations about their mother, the three have a difficult time reconciling their varying experiences in the same house. But a sudden misfortune will lead them all to face the past, their own culpability, and their common need for love and forgiveness.</subfield>
  </datafield>
  <datafield tag="500" ind1=" " ind2=" ">
   <subfield code="a">"Playaway. Audiobooks. Pre-loaded and portable."--Container.</subfield>
  </datafield>
  <datafield tag="590" ind1=" " ind2=" ">
   <subfield code="a">Requires 1 set of earphones + 1 AAA battery -- Not included.</subfield>
  </datafield>
  <datafield tag="650" ind1=" " ind2="0">
   <subfield code="a">Brothers and sisters</subfield>
   <subfield code="v">Fiction.</subfield>
  </datafield>
  <datafield tag="650" ind1=" " ind2="0">
   <subfield code="a">Repression (Psychology)</subfield>
   <subfield code="v">Fiction.</subfield>
  </datafield>
  <datafield tag="650" ind1=" " ind2="0">
   <subfield code="a">Mother and child</subfield>
   <subfield code="v">Fiction.</subfield>
  </datafield>
  <datafield tag="650" ind1=" " ind2="0">
   <subfield code="a">Family reunions</subfield>
   <subfield code="v">Fiction.</subfield>
  </datafield>
  <datafield tag="650" ind1=" " ind2="0">
   <subfield code="a">Forgiveness</subfield>
   <subfield code="v">Fiction.</subfield>
  </datafield>
  <datafield tag="650" ind1=" " ind2="0">
   <subfield code="a">Psychological fiction.</subfield>
  </datafield>
  <datafield tag="655" ind1=" " ind2="7">
   <subfield code="a">Domestic fiction.</subfield>
   <subfield code="2">lcgft</subfield>
  </datafield>
  <datafield tag="650" ind1=" " ind2="0">
   <subfield code="a">Audiobooks.</subfield>
  </datafield>
  <datafield tag="690" ind1=" " ind2=" ">
   <subfield code="a">Playaways.</subfield>
  </datafield>
  <datafield tag="700" ind1="1" ind2=" ">
   <subfield code="a">Bean, Joyce.</subfield>
  </datafield>
  <datafield tag="710" ind1="2" ind2=" ">
   <subfield code="a">Brilliance Audio (Firm)</subfield>
  </datafield>
  <datafield tag="907" ind1=" " ind2=" ">
   <subfield code="a">.b12504269</subfield>
   <subfield code="b">08-11-22</subfield>
   <subfield code="c">06-03-09</subfield>
  </datafield>
  <datafield tag="998" ind1=" " ind2=" ">
   <subfield code="a">m</subfield>
   <subfield code="b">08-21-09</subfield>
   <subfield code="c">m</subfield>
   <subfield code="d">p  </subfield>
   <subfield code="e">-</subfield>
   <subfield code="f">eng</subfield>
   <subfield code="g">ohu</subfield>
   <subfield code="h">4</subfield>
   <subfield code="i">0</subfield>
  </datafield>
  <datafield tag="910" ind1=" " ind2=" ">
   <subfield code="a">RDA ENRICHED</subfield>
  </datafield>
  <datafield tag="910" ind1=" " ind2=" ">
   <subfield code="a">MARS</subfield>
  </datafield>
  <datafield tag="945" ind1=" " ind2=" ">
   <subfield code="a">TB PLAY Berg     </subfield>
   <subfield code="g">1</subfield>
   <subfield code="i">31743304494501</subfield>
   <subfield code="l">mms  </subfield>
   <subfield code="o">-</subfield>
   <subfield code="p">$47.99</subfield>
   <subfield code="q">-</subfield>
   <subfield code="r">-</subfield>
   <subfield code="s">-  </subfield>
   <subfield code="t">67</subfield>
   <subfield code="u">58</subfield>
   <subfield code="v">20</subfield>
   <subfield code="w">0</subfield>
   <subfield code="x">0</subfield>
   <subfield code="y">.i18531441</subfield>
   <subfield code="z">11-13-09</subfield>
  </datafield>
 </record>