<record>
  <leader>01541nim a2200421 a 4500</leader>
  <controlfield tag="005">20150808051433.0</controlfield>
  <controlfield tag="007">sz uunznnnzned</controlfield>
  <controlfield tag="008">090828t20092002ohunnn         f    eng d</controlfield>
  <datafield tag="020" ind1=" " ind2=" ">
   <subfield code="a">9781607757818 :</subfield>
   <subfield code="c">$51.99</subfield>
  </datafield>
  <datafield tag="028" ind1="0" ind2="1">
   <subfield code="a">3491</subfield>
   <subfield code="b">Playaway Digital Audio</subfield>
  </datafield>
  <datafield tag="040" ind1=" " ind2=" ">
   <subfield code="a">PDV</subfield>
   <subfield code="c">PDV</subfield>
   <subfield code="d">UtOrBLW</subfield>
  </datafield>
  <datafield tag="049" ind1=" " ind2=" ">
   <subfield code="a">PDV</subfield>
  </datafield>
  <datafield tag="092" ind1=" " ind2=" ">
   <subfield code="a">TB PLAY</subfield>
   <subfield code="b">Rinehart</subfield>
  </datafield>
  <datafield tag="100" ind1="1" ind2=" ">
   <subfield code="a">Rinehart, Mary Roberts,</subfield>
   <subfield code="d">1876-1958.</subfield>
  </datafield>
  <datafield tag="245" ind1="1" ind2="4">
   <subfield code="a">The bat</subfield>
   <subfield code="h">[sound recording (Playaway)] /</subfield>
   <subfield code="c">Mary Roberts Rinehart.</subfield>
  </datafield>
  <datafield tag="264" ind1=" " ind2="1">
   <subfield code="a">[Ohio?] :</subfield>
   <subfield code="b">Findaway World,</subfield>
   <subfield code="c">2009.</subfield>
  </datafield>
  <datafield tag="300" ind1=" " ind2=" ">
   <subfield code="a">1 sound media player (6 hr., 54 min.) :</subfield>
   <subfield code="b">digital ;</subfield>
   <subfield code="c">9 x 6 cm</subfield>
  </datafield>
  <datafield tag="336" ind1=" " ind2=" ">
   <subfield code="a">spoken word</subfield>
   <subfield code="b">spw</subfield>
   <subfield code="2">rdacontent</subfield>
  </datafield>
  <datafield tag="337" ind1=" " ind2=" ">
   <subfield code="a">audio</subfield>
   <subfield code="b">s</subfield>
   <subfield code="2">rdamedia</subfield>
  </datafield>
  <datafield tag="338" ind1=" " ind2=" ">
   <subfield code="a">other audio carrier</subfield>
   <subfield code="b">sz</subfield>
   <subfield code="2">rdacarrier</subfield>
  </datafield>
  <datafield tag="500" ind1=" " ind2=" ">
   <subfield code="a">Issued on Playaway, a dedicated audio media player.</subfield>
  </datafield>
  <datafield tag="500" ind1=" " ind2=" ">
   <subfield code="a">Unabridged.</subfield>
  </datafield>
  <datafield tag="500" ind1=" " ind2=" ">
   <subfield code="a">Originally recorded by Tantor Audio, p2002.</subfield>
  </datafield>
  <datafield tag="500" ind1=" " ind2=" ">
   <subfield code="a">"Tantor Audio"--Container.</subfield>
  </datafield>
  <datafield tag="511" ind1="0" ind2=" ">
   <subfield code="a">Performed by Shelly Frasier.</subfield>
  </datafield>
  <datafield tag="500" ind1=" " ind2=" ">
   <subfield code="a">"Unabridged classics"--Label.</subfield>
  </datafield>
  <datafield tag="500" ind1=" " ind2=" ">
   <subfield code="a">In container (21 cm.).</subfield>
  </datafield>
  <datafield tag="590" ind1=" " ind2=" ">
   <subfield code="a">Requires 1 set of earphones + 1 AAA battery -- Not included.</subfield>
  </datafield>
  <datafield tag="655" ind1=" " ind2="7">
   <subfield code="a">Mystery fiction.</subfield>
   <subfield code="2">gsafd</subfield>
  </datafield>
  <datafield tag="650" ind1=" " ind2="0">
   <subfield code="a">Audiobooks.</subfield>
  </datafield>
  <datafield tag="690" ind1=" " ind2=" ">
   <subfield code="a">Playaways.</subfield>
  </datafield>
  <datafield tag="700" ind1="1" ind2=" ">
   <subfield code="a">Frasier, Shelly.</subfield>
  </datafield>
  <datafield tag="710" ind1="2" ind2=" ">
   <subfield code="a">Tantor Media.</subfield>
  </datafield>
  <datafield tag="907" ind1=" " ind2=" ">
   <subfield code="a">.b12504312</subfield>
   <subfield code="b">08-11-22</subfield>
   <subfield code="c">06-03-09</subfield>
  </datafield>
  <datafield tag="998" ind1=" " ind2=" ">
   <subfield code="a">a</subfield>
   <subfield code="b">08-28-09</subfield>
   <subfield code="c">m</subfield>
   <subfield code="d">p  </subfield>
   <subfield code="e">-</subfield>
   <subfield code="f">eng</subfield>
   <subfield code="g">ohu</subfield>
   <subfield code="h">4</subfield>
   <subfield code="i">0</subfield>
  </datafield>
  <datafield tag="910" ind1=" " ind2=" ">
   <subfield code="a">RDA ENRICHED</subfield>
  </datafield>
  <datafield tag="910" ind1=" " ind2=" ">
   <subfield code="a">MARS</subfield>
  </datafield>
  <datafield tag="945" ind1=" " ind2=" ">
   <subfield code="a">TB PLAY Rinehart     </subfield>
   <subfield code="g">1</subfield>
   <subfield code="i">31743304443078</subfield>
   <subfield code="l">ams  </subfield>
   <subfield code="o">-</subfield>
   <subfield code="p">$51.99</subfield>
   <subfield code="q">-</subfield>
   <subfield code="r">-</subfield>
   <subfield code="s">-  </subfield>
   <subfield code="t">67</subfield>
   <subfield code="u">31</subfield>
   <subfield code="v">13</subfield>
   <subfield code="w">0</subfield>
   <subfield code="x">0</subfield>
   <subfield code="y">.i18932885</subfield>
   <subfield code="z">11-15-10</subfield>
  </datafield>
 </record>