<record>
  <leader>01996nim a2200529 a 4500</leader>
  <controlfield tag="005">20150808051435.0</controlfield>
  <controlfield tag="007">sz uunznnnzned</controlfield>
  <controlfield tag="008">090821t20092008ohunnn         f    eng d</controlfield>
  <datafield tag="020" ind1=" " ind2=" ">
   <subfield code="a">9781607758730 :</subfield>
   <subfield code="c">$59.99</subfield>
  </datafield>
  <datafield tag="028" ind1="0" ind2="1">
   <subfield code="a">3583</subfield>
   <subfield code="b">Playaway Digital Audio</subfield>
  </datafield>
  <datafield tag="040" ind1=" " ind2=" ">
   <subfield code="a">PDV</subfield>
   <subfield code="c">PDV</subfield>
   <subfield code="d">UtOrBLW</subfield>
  </datafield>
  <datafield tag="049" ind1=" " ind2=" ">
   <subfield code="a">PDV</subfield>
  </datafield>
  <datafield tag="092" ind1=" " ind2=" ">
   <subfield code="a">TB PLAY</subfield>
   <subfield code="b">Kingsbury</subfield>
  </datafield>
  <datafield tag="100" ind1="1" ind2=" ">
   <subfield code="a">Kingsbury, Karen.</subfield>
  </datafield>
  <datafield tag="245" ind1="1" ind2="0">
   <subfield code="a">Sunset</subfield>
   <subfield code="h">[sound recording (Playaway)] /</subfield>
   <subfield code="c">Karen Kingsbury.</subfield>
  </datafield>
  <datafield tag="264" ind1=" " ind2="1">
   <subfield code="a">[Ohio?] :</subfield>
   <subfield code="b">Findaway World,</subfield>
   <subfield code="c">2009.</subfield>
  </datafield>
  <datafield tag="300" ind1=" " ind2=" ">
   <subfield code="a">1 sound media player (11 hr.) :</subfield>
   <subfield code="b">digital ;</subfield>
   <subfield code="c">9 x 6 cm.</subfield>
  </datafield>
  <datafield tag="336" ind1=" " ind2=" ">
   <subfield code="a">spoken word</subfield>
   <subfield code="b">spw</subfield>
   <subfield code="2">rdacontent</subfield>
  </datafield>
  <datafield tag="337" ind1=" " ind2=" ">
   <subfield code="a">audio</subfield>
   <subfield code="b">s</subfield>
   <subfield code="2">rdamedia</subfield>
  </datafield>
  <datafield tag="338" ind1=" " ind2=" ">
   <subfield code="a">other audio carrier</subfield>
   <subfield code="b">sz</subfield>
   <subfield code="2">rdacarrier</subfield>
  </datafield>
  <datafield tag="490" ind1="1" ind2=" ">
   <subfield code="a">Baxter family drama. Sunrise series</subfield>
  </datafield>
  <datafield tag="490" ind1="1" ind2=" ">
   <subfield code="a">Baxters series</subfield>
  </datafield>
  <datafield tag="500" ind1=" " ind2=" ">
   <subfield code="a">"The power of a family's love and the healing miracle of redemption"--Lable.</subfield>
  </datafield>
  <datafield tag="500" ind1=" " ind2=" ">
   <subfield code="a">Issued on Playaway, a dedicated audio media player.</subfield>
  </datafield>
  <datafield tag="500" ind1=" " ind2=" ">
   <subfield code="a">Unabridged.</subfield>
  </datafield>
  <datafield tag="500" ind1=" " ind2=" ">
   <subfield code="a">Originally recorded by Brilliance Audio, p2008.</subfield>
  </datafield>
  <datafield tag="500" ind1=" " ind2=" ">
   <subfield code="a">"Brilliance Audio"--Container.</subfield>
  </datafield>
  <datafield tag="500" ind1=" " ind2=" ">
   <subfield code="a">In container (21 cm.).</subfield>
  </datafield>
  <datafield tag="511" ind1="0" ind2=" ">
   <subfield code="a">Read by Sandra Burr.</subfield>
  </datafield>
  <datafield tag="520" ind1=" " ind2=" ">
   <subfield code="a">As John Baxter makes plans to marry Elaine, another Baxter enters into the most trying season of all.</subfield>
  </datafield>
  <datafield tag="590" ind1=" " ind2=" ">
   <subfield code="a">Requires 1 set of earphones + 1 AAA battery -- Not included.</subfield>
  </datafield>
  <datafield tag="650" ind1=" " ind2="0">
   <subfield code="a">Weddings</subfield>
   <subfield code="v">Fiction.</subfield>
  </datafield>
  <datafield tag="650" ind1=" " ind2="0">
   <subfield code="a">Families</subfield>
   <subfield code="v">Fiction.</subfield>
  </datafield>
  <datafield tag="650" ind1=" " ind2="0">
   <subfield code="a">Celebrities</subfield>
   <subfield code="v">Fiction.</subfield>
  </datafield>
  <datafield tag="655" ind1=" " ind2="7">
   <subfield code="a">Domestic fiction.</subfield>
   <subfield code="2">lcgft</subfield>
  </datafield>
  <datafield tag="655" ind1=" " ind2="7">
   <subfield code="a">Christian fiction.</subfield>
   <subfield code="2">gsafd</subfield>
  </datafield>
  <datafield tag="650" ind1=" " ind2="0">
   <subfield code="a">Audiobooks.</subfield>
  </datafield>
  <datafield tag="690" ind1=" " ind2=" ">
   <subfield code="a">Playaways.</subfield>
  </datafield>
  <datafield tag="700" ind1="1" ind2=" ">
   <subfield code="a">Burr, Sandra.</subfield>
  </datafield>
  <datafield tag="710" ind1="2" ind2=" ">
   <subfield code="a">Brilliance Audio (Firm)</subfield>
  </datafield>
  <datafield tag="830" ind1=" " ind2="0">
   <subfield code="a">Baxters series ;</subfield>
   <subfield code="v">14.</subfield>
  </datafield>
  <datafield tag="830" ind1=" " ind2="0">
   <subfield code="a">Sunrise series ;</subfield>
   <subfield code="v">bk. 4.</subfield>
  </datafield>
  <datafield tag="907" ind1=" " ind2=" ">
   <subfield code="a">.b1250466x</subfield>
   <subfield code="b">08-11-22</subfield>
   <subfield code="c">06-03-09</subfield>
  </datafield>
  <datafield tag="998" ind1=" " ind2=" ">
   <subfield code="a">r</subfield>
   <subfield code="b">08-21-09</subfield>
   <subfield code="c">m</subfield>
   <subfield code="d">p  </subfield>
   <subfield code="e">-</subfield>
   <subfield code="f">eng</subfield>
   <subfield code="g">ohu</subfield>
   <subfield code="h">0</subfield>
   <subfield code="i">0</subfield>
  </datafield>
  <datafield tag="910" ind1=" " ind2=" ">
   <subfield code="a">RDA ENRICHED</subfield>
  </datafield>
  <datafield tag="910" ind1=" " ind2=" ">
   <subfield code="a">MARS</subfield>
  </datafield>
  <datafield tag="945" ind1=" " ind2=" ">
   <subfield code="a">TB PLAY Kingsbury     </subfield>
   <subfield code="g">1</subfield>
   <subfield code="i">31743304548942</subfield>
   <subfield code="l">rms  </subfield>
   <subfield code="o">-</subfield>
   <subfield code="p">$59.99</subfield>
   <subfield code="q">-</subfield>
   <subfield code="r">-</subfield>
   <subfield code="s">-  </subfield>
   <subfield code="t">67</subfield>
   <subfield code="u">60</subfield>
   <subfield code="v">24</subfield>
   <subfield code="w">0</subfield>
   <subfield code="x">0</subfield>
   <subfield code="y">.i18531386</subfield>
   <subfield code="z">11-13-09</subfield>
  </datafield>
 </record>