<record>
  <leader>01141cam a2200301 a 4500</leader>
  <controlfield tag="005">20150808051435.0</controlfield>
  <controlfield tag="008">810930s1981    nyu    e      000 1 eng d</controlfield>
  <datafield tag="020" ind1=" " ind2=" ">
   <subfield code="a">0905712323</subfield>
  </datafield>
  <datafield tag="020" ind1=" " ind2=" ">
   <subfield code="a">9780905712321</subfield>
  </datafield>
  <datafield tag="040" ind1=" " ind2=" ">
   <subfield code="a">CZA</subfield>
   <subfield code="c">CZA</subfield>
   <subfield code="d">OCL</subfield>
   <subfield code="d">PIT</subfield>
   <subfield code="d">SVP</subfield>
   <subfield code="d">OCL</subfield>
   <subfield code="d">OCLCQ</subfield>
   <subfield code="d">UtOrBLW</subfield>
  </datafield>
  <datafield tag="049" ind1=" " ind2=" ">
   <subfield code="a">PDV</subfield>
  </datafield>
  <datafield tag="092" ind1=" " ind2=" ">
   <subfield code="a">F</subfield>
   <subfield code="b">Ludlum</subfield>
  </datafield>
  <datafield tag="100" ind1="1" ind2=" ">
   <subfield code="a">Ludlum, Robert,</subfield>
   <subfield code="d">1927-2001.</subfield>
  </datafield>
  <datafield tag="245" ind1="1" ind2="4">
   <subfield code="a">The Scarlatti inheritance ; The Osterman weekend ; The Matlock paper ; The Gemini contenders /</subfield>
   <subfield code="c">Robert Ludlum.</subfield>
  </datafield>
  <datafield tag="264" ind1=" " ind2="1">
   <subfield code="a">New York :</subfield>
   <subfield code="b">Octopus/Heinemann,</subfield>
   <subfield code="c">1981.</subfield>
  </datafield>
  <datafield tag="300" ind1=" " ind2=" ">
   <subfield code="a">827 pages ;</subfield>
   <subfield code="c">24 cm</subfield>
  </datafield>
  <datafield tag="336" ind1=" " ind2=" ">
   <subfield code="a">text</subfield>
   <subfield code="b">txt</subfield>
   <subfield code="2">rdacontent</subfield>
  </datafield>
  <datafield tag="337" ind1=" " ind2=" ">
   <subfield code="a">unmediated</subfield>
   <subfield code="b">n</subfield>
   <subfield code="2">rdamedia</subfield>
  </datafield>
  <datafield tag="338" ind1=" " ind2=" ">
   <subfield code="a">volume</subfield>
   <subfield code="b">nc</subfield>
   <subfield code="2">rdacarrier</subfield>
  </datafield>
  <datafield tag="505" ind1="0" ind2=" ">
   <subfield code="a">The Scarlatti inheritance -- The Osterman weekend -- The Matlock paper ; The Gemini contenders.</subfield>
  </datafield>
  <datafield tag="740" ind1="4" ind2="2">
   <subfield code="a">The Osterman weekend.</subfield>
  </datafield>
  <datafield tag="740" ind1="4" ind2="2">
   <subfield code="a">The Matlock paper.</subfield>
  </datafield>
  <datafield tag="740" ind1="4" ind2="2">
   <subfield code="a">The Gemini contenders.</subfield>
  </datafield>
  <datafield tag="907" ind1=" " ind2=" ">
   <subfield code="a">.b12504683</subfield>
   <subfield code="b">11-03-23</subfield>
   <subfield code="c">06-04-09</subfield>
  </datafield>
  <datafield tag="998" ind1=" " ind2=" ">
   <subfield code="a">r</subfield>
   <subfield code="b">06-04-09</subfield>
   <subfield code="c">m</subfield>
   <subfield code="d">a  </subfield>
   <subfield code="e">-</subfield>
   <subfield code="f">eng</subfield>
   <subfield code="g">nyu</subfield>
   <subfield code="h">4</subfield>
   <subfield code="i">0</subfield>
  </datafield>
  <datafield tag="910" ind1=" " ind2=" ">
   <subfield code="a">RDA ENRICHED</subfield>
  </datafield>
  <datafield tag="910" ind1=" " ind2=" ">
   <subfield code="a">MARS</subfield>
  </datafield>
  <datafield tag="945" ind1=" " ind2=" ">
   <subfield code="a">F Ludlum     </subfield>
   <subfield code="g">1</subfield>
   <subfield code="i">31743304276130</subfield>
   <subfield code="l">rms  </subfield>
   <subfield code="o">-</subfield>
   <subfield code="p">$20.00</subfield>
   <subfield code="q">-</subfield>
   <subfield code="r">-</subfield>
   <subfield code="s">-  </subfield>
   <subfield code="t">3</subfield>
   <subfield code="u">30</subfield>
   <subfield code="v">8</subfield>
   <subfield code="w">2</subfield>
   <subfield code="x">0</subfield>
   <subfield code="y">.i18332006</subfield>
   <subfield code="z">06-04-09</subfield>
  </datafield>
 </record>