<record>
  <leader>01273nam a2200325 a 4500</leader>
  <controlfield tag="005">20150808051435.0</controlfield>
  <controlfield tag="008">901022s1973    ohua          001 0 eng d</controlfield>
  <datafield tag="010" ind1=" " ind2=" ">
   <subfield code="a">72085334</subfield>
  </datafield>
  <datafield tag="020" ind1=" " ind2=" ">
   <subfield code="a">0898040981 (pbk.) :</subfield>
   <subfield code="c">$17.99</subfield>
  </datafield>
  <datafield tag="040" ind1=" " ind2=" ">
   <subfield code="a">VZF</subfield>
   <subfield code="c">VZF</subfield>
   <subfield code="d">OTC</subfield>
   <subfield code="d">UtOrBLW</subfield>
  </datafield>
  <datafield tag="049" ind1=" " ind2=" ">
   <subfield code="a">PDV</subfield>
  </datafield>
  <datafield tag="092" ind1=" " ind2=" ">
   <subfield code="a">616.8527</subfield>
   <subfield code="b">Ott</subfield>
  </datafield>
  <datafield tag="100" ind1="1" ind2=" ">
   <subfield code="a">Ott, John Nash,</subfield>
   <subfield code="d">1909-</subfield>
  </datafield>
  <datafield tag="245" ind1="1" ind2="0">
   <subfield code="a">Health and light :</subfield>
   <subfield code="b">the effects of natural and artificial light on man and other living things /</subfield>
   <subfield code="c">by John N. Ott ; introduction by James W. Benfield.</subfield>
  </datafield>
  <datafield tag="264" ind1=" " ind2="1">
   <subfield code="a">Columbus, OH :</subfield>
   <subfield code="b">Ariel Press,</subfield>
   <subfield code="c">[1973]</subfield>
  </datafield>
  <datafield tag="264" ind1=" " ind2="4">
   <subfield code="c">c1973</subfield>
  </datafield>
  <datafield tag="300" ind1=" " ind2=" ">
   <subfield code="a">229 pages :</subfield>
   <subfield code="b">illustrations ;</subfield>
   <subfield code="c">22 cm</subfield>
  </datafield>
  <datafield tag="336" ind1=" " ind2=" ">
   <subfield code="a">text</subfield>
   <subfield code="b">txt</subfield>
   <subfield code="2">rdacontent</subfield>
  </datafield>
  <datafield tag="337" ind1=" " ind2=" ">
   <subfield code="a">unmediated</subfield>
   <subfield code="b">n</subfield>
   <subfield code="2">rdamedia</subfield>
  </datafield>
  <datafield tag="338" ind1=" " ind2=" ">
   <subfield code="a">volume</subfield>
   <subfield code="b">nc</subfield>
   <subfield code="2">rdacarrier</subfield>
  </datafield>
  <datafield tag="500" ind1=" " ind2=" ">
   <subfield code="a">"Publications by John Ott": pages 216-218.</subfield>
  </datafield>
  <datafield tag="504" ind1=" " ind2=" ">
   <subfield code="a">Includes bibliographical references (pages 219-223) and index.</subfield>
  </datafield>
  <datafield tag="650" ind1=" " ind2="0">
   <subfield code="a">Light</subfield>
   <subfield code="x">Physiological effect.</subfield>
  </datafield>
  <datafield tag="650" ind1=" " ind2="0">
   <subfield code="a">Plants</subfield>
   <subfield code="x">Effect of light on.</subfield>
  </datafield>
  <datafield tag="650" ind1=" " ind2="0">
   <subfield code="a">Seasonal affective disorder</subfield>
   <subfield code="v">Popular works.</subfield>
  </datafield>
  <datafield tag="907" ind1=" " ind2=" ">
   <subfield code="a">.b12504774</subfield>
   <subfield code="b">08-11-22</subfield>
   <subfield code="c">06-08-09</subfield>
  </datafield>
  <datafield tag="998" ind1=" " ind2=" ">
   <subfield code="a">m</subfield>
   <subfield code="b">06-10-09</subfield>
   <subfield code="c">m</subfield>
   <subfield code="d">a  </subfield>
   <subfield code="e">-</subfield>
   <subfield code="f">eng</subfield>
   <subfield code="g">ohu</subfield>
   <subfield code="h">0</subfield>
   <subfield code="i">0</subfield>
  </datafield>
  <datafield tag="910" ind1=" " ind2=" ">
   <subfield code="a">RDA ENRICHED</subfield>
  </datafield>
  <datafield tag="910" ind1=" " ind2=" ">
   <subfield code="a">MARS</subfield>
  </datafield>
  <datafield tag="945" ind1=" " ind2=" ">
   <subfield code="a">616.8527 Ott     </subfield>
   <subfield code="g">1</subfield>
   <subfield code="i">31743304277393</subfield>
   <subfield code="l">mms  </subfield>
   <subfield code="o">-</subfield>
   <subfield code="p">$17.99</subfield>
   <subfield code="q">-</subfield>
   <subfield code="r">-</subfield>
   <subfield code="s">-  </subfield>
   <subfield code="t">2</subfield>
   <subfield code="u">7</subfield>
   <subfield code="v">2</subfield>
   <subfield code="w">0</subfield>
   <subfield code="x">0</subfield>
   <subfield code="y">.i18337740</subfield>
   <subfield code="z">06-10-09</subfield>
  </datafield>
 </record>