<record>
  <leader>02801cim a2200505 a 4500</leader>
  <controlfield tag="005">20150808051437.0</controlfield>
  <controlfield tag="007">sd|uungnnmmneu</controlfield>
  <controlfield tag="008">090126s2009    ctu  n         a  n eng d</controlfield>
  <datafield tag="020" ind1=" " ind2=" ">
   <subfield code="a">9781400141593</subfield>
  </datafield>
  <datafield tag="020" ind1=" " ind2=" ">
   <subfield code="a">1400141591</subfield>
  </datafield>
  <datafield tag="020" ind1=" " ind2=" ">
   <subfield code="a">9781400111596 (disc)</subfield>
  </datafield>
  <datafield tag="020" ind1=" " ind2=" ">
   <subfield code="a">1400111595 (disc) :</subfield>
   <subfield code="c">$34.99</subfield>
  </datafield>
  <datafield tag="040" ind1=" " ind2=" ">
   <subfield code="a">BTCTA</subfield>
   <subfield code="c">BTCTA</subfield>
   <subfield code="d">OEM</subfield>
   <subfield code="d">UtOrBLW</subfield>
  </datafield>
  <datafield tag="049" ind1=" " ind2=" ">
   <subfield code="a">PDV</subfield>
  </datafield>
  <datafield tag="092" ind1=" " ind2=" ">
   <subfield code="a">TB CD 92</subfield>
   <subfield code="b">Davis, T.</subfield>
  </datafield>
  <datafield tag="100" ind1="1" ind2=" ">
   <subfield code="a">Davis, Tom,</subfield>
   <subfield code="d">1952-2012.</subfield>
  </datafield>
  <datafield tag="245" ind1="1" ind2="0">
   <subfield code="a">Thirty-nine years of short-term memory loss</subfield>
   <subfield code="h">[sound recording] /</subfield>
   <subfield code="c">Tom Davis ; [foreword by Al Franken].</subfield>
  </datafield>
  <datafield tag="246" ind1="3" ind2="0">
   <subfield code="a">39 years of short-term memory loss.</subfield>
  </datafield>
  <datafield tag="246" ind1="3" ind2=" ">
   <subfield code="a">Thirty nine years of short term memory loss.</subfield>
  </datafield>
  <datafield tag="246" ind1="1" ind2=" ">
   <subfield code="i">Subtitle on container insert:</subfield>
   <subfield code="a">Early days of SNL from someone who was there.</subfield>
  </datafield>
  <datafield tag="246" ind1="3" ind2=" ">
   <subfield code="a">Early days of Saturday Night Live from someone who was there.</subfield>
  </datafield>
  <datafield tag="250" ind1=" " ind2=" ">
   <subfield code="a">Library ed.</subfield>
  </datafield>
  <datafield tag="250" ind1=" " ind2=" ">
   <subfield code="a">Unabridged.</subfield>
  </datafield>
  <datafield tag="264" ind1=" " ind2="1">
   <subfield code="a">[Old Saybrook, CT] :</subfield>
   <subfield code="b">Tantor Media, Inc.,</subfield>
   <subfield code="c">c[2009]</subfield>
  </datafield>
  <datafield tag="264" ind1=" " ind2="4">
   <subfield code="c">p2009.</subfield>
  </datafield>
  <datafield tag="300" ind1=" " ind2=" ">
   <subfield code="a">8 sound discs (9.5 hrs.) :</subfield>
   <subfield code="b">digital ;</subfield>
   <subfield code="c">4 3/4 in.</subfield>
  </datafield>
  <datafield tag="336" ind1=" " ind2=" ">
   <subfield code="a">spoken word</subfield>
   <subfield code="b">spw</subfield>
   <subfield code="2">rdacontent.</subfield>
  </datafield>
  <datafield tag="337" ind1=" " ind2=" ">
   <subfield code="a">audio</subfield>
   <subfield code="b">s</subfield>
   <subfield code="2">rdamedia.</subfield>
  </datafield>
  <datafield tag="338" ind1=" " ind2=" ">
   <subfield code="a">audio disc</subfield>
   <subfield code="b">sd</subfield>
   <subfield code="2">rdacarrier.</subfield>
  </datafield>
  <datafield tag="500" ind1=" " ind2=" ">
   <subfield code="a">Compact discs.</subfield>
  </datafield>
  <datafield tag="511" ind1="0" ind2=" ">
   <subfield code="a">Read by Tom Davis.</subfield>
  </datafield>
  <datafield tag="504" ind1=" " ind2=" ">
   <subfield code="a">Includes bibliographical references (pages 299-300) and filmography (pages 301-302).</subfield>
  </datafield>
  <datafield tag="520" ind1=" " ind2=" ">
   <subfield code="a">A seriously funny, offbeat and irreverent memoir that chronicles the early days of Saturday Night Live and features some of its greatest personalities--Al Franken, Lorne Michaels, Dan Aykroyd, John Belushi, Bill Murray, Michael O'Donoghue, and Chris Farley. Written by Tom Davis, an original SNL writer and comedy partner of Al Franken, this is the story of coming of age in the 60s, and an account of the birth and rise of Saturday Night Live. Davis' memoir is filled with wry, candid anecdotes about his days at Saturday Night Live, but it also the story of Davis' own coming of age--escaping his conservative roots in suburban Minneapolis, traveling the world, and reveling in the hippie culture of 1960s San Francisco. The author finds the highs and lows of his own career to be a hilarious counterpoint to the meteoric rise of SNL and his friends' growing celebrity.--From publisher description.</subfield>
  </datafield>
  <datafield tag="630" ind1="0" ind2="0">
   <subfield code="a">Saturday night live (Television program)</subfield>
  </datafield>
  <datafield tag="650" ind1=" " ind2="0">
   <subfield code="a">Comedians</subfield>
   <subfield code="v">Biography.</subfield>
  </datafield>
  <datafield tag="600" ind1="1" ind2="0">
   <subfield code="a">Davis, Tom,</subfield>
   <subfield code="d">1952-2012.</subfield>
  </datafield>
  <datafield tag="650" ind1=" " ind2="0">
   <subfield code="a">Live television programs</subfield>
   <subfield code="v">Anecdotes.</subfield>
  </datafield>
  <datafield tag="650" ind1=" " ind2="0">
   <subfield code="a">Audiobooks.</subfield>
  </datafield>
  <datafield tag="700" ind1="1" ind2=" ">
   <subfield code="a">Davis, Tom,</subfield>
   <subfield code="d">1952-2012.</subfield>
  </datafield>
  <datafield tag="700" ind1="1" ind2=" ">
   <subfield code="a">Franken, Al.</subfield>
  </datafield>
  <datafield tag="907" ind1=" " ind2=" ">
   <subfield code="a">.b12505183</subfield>
   <subfield code="b">01-28-25</subfield>
   <subfield code="c">06-09-09</subfield>
  </datafield>
  <datafield tag="998" ind1=" " ind2=" ">
   <subfield code="a">l</subfield>
   <subfield code="b">06-09-09</subfield>
   <subfield code="c">m</subfield>
   <subfield code="d">z  </subfield>
   <subfield code="e">-</subfield>
   <subfield code="f">eng</subfield>
   <subfield code="g">ctu</subfield>
   <subfield code="h">0</subfield>
   <subfield code="i">0</subfield>
  </datafield>
  <datafield tag="910" ind1=" " ind2=" ">
   <subfield code="a">RDA ENRICHED</subfield>
  </datafield>
  <datafield tag="910" ind1=" " ind2=" ">
   <subfield code="a">MARS</subfield>
  </datafield>
  <datafield tag="945" ind1=" " ind2=" ">
   <subfield code="a">TB CD 92 Davis, T.     </subfield>
   <subfield code="g">1</subfield>
   <subfield code="i">31743304469099</subfield>
   <subfield code="l">lms  </subfield>
   <subfield code="o">-</subfield>
   <subfield code="p">$34.99</subfield>
   <subfield code="q">b</subfield>
   <subfield code="r">-</subfield>
   <subfield code="s">-  </subfield>
   <subfield code="t">32</subfield>
   <subfield code="u">19</subfield>
   <subfield code="v">6</subfield>
   <subfield code="w">0</subfield>
   <subfield code="x">0</subfield>
   <subfield code="y">.i18337168</subfield>
   <subfield code="z">06-09-09</subfield>
  </datafield>
 </record>