<record>
  <leader>02061nim a2200445 a 4500</leader>
  <controlfield tag="005">20150808051438.0</controlfield>
  <controlfield tag="007">sd fungnnmmned</controlfield>
  <controlfield tag="008">090611s2007    riunnn         hz   eng d</controlfield>
  <datafield tag="020" ind1=" " ind2=" ">
   <subfield code="a">9780792763420 :</subfield>
   <subfield code="c">$64.95</subfield>
  </datafield>
  <datafield tag="028" ind1="3" ind2="2">
   <subfield code="a">BBCD 291</subfield>
   <subfield code="b">BBC Audiobooks America</subfield>
  </datafield>
  <datafield tag="040" ind1=" " ind2=" ">
   <subfield code="a">PDV</subfield>
   <subfield code="c">PDV</subfield>
   <subfield code="d">UtOrBLW</subfield>
  </datafield>
  <datafield tag="049" ind1=" " ind2=" ">
   <subfield code="a">PDV</subfield>
  </datafield>
  <datafield tag="092" ind1=" " ind2=" ">
   <subfield code="a">TB CD 780</subfield>
   <subfield code="b">Naughtie</subfield>
  </datafield>
  <datafield tag="100" ind1="1" ind2=" ">
   <subfield code="a">Naughtie, James,</subfield>
   <subfield code="d">1951-</subfield>
  </datafield>
  <datafield tag="245" ind1="1" ind2="4">
   <subfield code="a">The making of music.</subfield>
   <subfield code="n">Volume II</subfield>
   <subfield code="h">[sound recording] /</subfield>
   <subfield code="c">[written and presented] by James Naughtie.</subfield>
  </datafield>
  <datafield tag="246" ind1="3" ind2=" ">
   <subfield code="a">Making of music.</subfield>
   <subfield code="n">Volume 2</subfield>
  </datafield>
  <datafield tag="264" ind1=" " ind2="1">
   <subfield code="a">North Kingstown, R.I. :</subfield>
   <subfield code="b">BBC Audiobooks America,</subfield>
   <subfield code="c">[2007]</subfield>
  </datafield>
  <datafield tag="264" ind1=" " ind2="4">
   <subfield code="c">c2007</subfield>
  </datafield>
  <datafield tag="300" ind1=" " ind2=" ">
   <subfield code="a">6 sound discs (6 hr., 45 min.) :</subfield>
   <subfield code="b">digital ;</subfield>
   <subfield code="c">4 3/4 in.</subfield>
  </datafield>
  <datafield tag="336" ind1=" " ind2=" ">
   <subfield code="a">spoken word</subfield>
   <subfield code="b">spw</subfield>
   <subfield code="2">rdacontent</subfield>
  </datafield>
  <datafield tag="337" ind1=" " ind2=" ">
   <subfield code="a">audio</subfield>
   <subfield code="b">s</subfield>
   <subfield code="2">rdamedia</subfield>
  </datafield>
  <datafield tag="338" ind1=" " ind2=" ">
   <subfield code="a">audio disc</subfield>
   <subfield code="b">sd</subfield>
   <subfield code="2">rdacarrier</subfield>
  </datafield>
  <datafield tag="440" ind1=" " ind2="0">
   <subfield code="a">BBC Radio collection</subfield>
  </datafield>
  <datafield tag="500" ind1=" " ind2=" ">
   <subfield code="a">"The Landmark BBC Radio Series"--Container.</subfield>
  </datafield>
  <datafield tag="500" ind1=" " ind2=" ">
   <subfield code="a">"Digitally Mastered"--Container.</subfield>
  </datafield>
  <datafield tag="500" ind1=" " ind2=" ">
   <subfield code="a">Duration: 405 min.</subfield>
  </datafield>
  <datafield tag="520" ind1=" " ind2=" ">
   <subfield code="a">"James Naughtie uncovers the roots of our music, revealing the soundtrack to our history. On the eve of a century of cataclysmic political and social upheaval, music reflected the spirit of the age. With Schoenberg and Bartok rejecting the classical style and writing intellectual, almost scientifically-based music, and with jazz and film scores emerging as new art forms, the question of the purpose of music became more relevant than ever before. Music for the elite--or music for the masses?"--Container.</subfield>
  </datafield>
  <datafield tag="540" ind1=" " ind2=" ">
   <subfield code="a">For private home use only.</subfield>
  </datafield>
  <datafield tag="500" ind1=" " ind2=" ">
   <subfield code="a">Compact disc.</subfield>
  </datafield>
  <datafield tag="500" ind1=" " ind2=" ">
   <subfield code="a">In container (17 cm.).</subfield>
  </datafield>
  <datafield tag="650" ind1=" " ind2="0">
   <subfield code="a">Music</subfield>
   <subfield code="x">History and criticism.</subfield>
  </datafield>
  <datafield tag="650" ind1=" " ind2="0">
   <subfield code="a">Music appreciation.</subfield>
  </datafield>
  <datafield tag="650" ind1=" " ind2="0">
   <subfield code="a">Musicians.</subfield>
  </datafield>
  <datafield tag="650" ind1=" " ind2="0">
   <subfield code="a">Audiobooks.</subfield>
  </datafield>
  <datafield tag="710" ind1="2" ind2=" ">
   <subfield code="a">BBC Radio.</subfield>
  </datafield>
  <datafield tag="907" ind1=" " ind2=" ">
   <subfield code="a">.b12505407</subfield>
   <subfield code="b">08-14-15</subfield>
   <subfield code="c">06-11-09</subfield>
  </datafield>
  <datafield tag="998" ind1=" " ind2=" ">
   <subfield code="a">m</subfield>
   <subfield code="b">06-11-09</subfield>
   <subfield code="c">m</subfield>
   <subfield code="d">z  </subfield>
   <subfield code="e">-</subfield>
   <subfield code="f">eng</subfield>
   <subfield code="g">riu</subfield>
   <subfield code="h">4</subfield>
   <subfield code="i">0</subfield>
  </datafield>
  <datafield tag="910" ind1=" " ind2=" ">
   <subfield code="a">RDA ENRICHED</subfield>
  </datafield>
  <datafield tag="910" ind1=" " ind2=" ">
   <subfield code="a">MARS</subfield>
  </datafield>
  <datafield tag="945" ind1=" " ind2=" ">
   <subfield code="a">TB CD 780 Naughtie     </subfield>
   <subfield code="g">1</subfield>
   <subfield code="i">31743304469545</subfield>
   <subfield code="l">mms  </subfield>
   <subfield code="o">-</subfield>
   <subfield code="p">$64.95</subfield>
   <subfield code="q">b</subfield>
   <subfield code="r">-</subfield>
   <subfield code="s">-  </subfield>
   <subfield code="t">32</subfield>
   <subfield code="u">37</subfield>
   <subfield code="v">14</subfield>
   <subfield code="w">0</subfield>
   <subfield code="x">0</subfield>
   <subfield code="y">.i18339128</subfield>
   <subfield code="z">06-12-09</subfield>
  </datafield>
 </record>