<record>
  <leader>01207cam a2200373 a 4500</leader>
  <controlfield tag="001">  2008030912</controlfield>
  <controlfield tag="005">20150808051438.0</controlfield>
  <controlfield tag="008">080711s2008    meu     d     000 1 eng  </controlfield>
  <datafield tag="010" ind1=" " ind2=" ">
   <subfield code="a">2008030912</subfield>
  </datafield>
  <datafield tag="020" ind1=" " ind2=" ">
   <subfield code="a">9781602852921 (lib. bdg. : alk. paper) :</subfield>
   <subfield code="c">$25.00</subfield>
  </datafield>
  <datafield tag="040" ind1=" " ind2=" ">
   <subfield code="a">DLC</subfield>
   <subfield code="c">DLC</subfield>
   <subfield code="d">DLC</subfield>
   <subfield code="d">UtOrBLW</subfield>
  </datafield>
  <datafield tag="043" ind1=" " ind2=" ">
   <subfield code="a">n-us-tx</subfield>
  </datafield>
  <datafield tag="049" ind1=" " ind2=" ">
   <subfield code="a">PDV</subfield>
  </datafield>
  <datafield tag="092" ind1=" " ind2=" ">
   <subfield code="a">LP F</subfield>
   <subfield code="b">Copeland</subfield>
  </datafield>
  <datafield tag="100" ind1="1" ind2=" ">
   <subfield code="a">Copeland, Lori.</subfield>
  </datafield>
  <datafield tag="245" ind1="1" ind2="0">
   <subfield code="a">Twice loved /</subfield>
   <subfield code="c">Lori Copeland.</subfield>
  </datafield>
  <datafield tag="250" ind1=" " ind2=" ">
   <subfield code="a">Center Point large print ed.</subfield>
  </datafield>
  <datafield tag="264" ind1=" " ind2="1">
   <subfield code="a">Thorndike, Me. :</subfield>
   <subfield code="b">Center Point Pub.,</subfield>
   <subfield code="c">2008.</subfield>
  </datafield>
  <datafield tag="300" ind1=" " ind2=" ">
   <subfield code="a">287 pages ;</subfield>
   <subfield code="c">23 cm.</subfield>
  </datafield>
  <datafield tag="336" ind1=" " ind2=" ">
   <subfield code="a">text</subfield>
   <subfield code="b">txt</subfield>
   <subfield code="2">rdacontent</subfield>
  </datafield>
  <datafield tag="337" ind1=" " ind2=" ">
   <subfield code="a">unmediated</subfield>
   <subfield code="b">n</subfield>
   <subfield code="2">rdamedia</subfield>
  </datafield>
  <datafield tag="338" ind1=" " ind2=" ">
   <subfield code="a">volume</subfield>
   <subfield code="b">nc</subfield>
   <subfield code="2">rdacarrier</subfield>
  </datafield>
  <datafield tag="440" ind1=" " ind2="0">
   <subfield code="a">Belles of Timber Creek</subfield>
  </datafield>
  <datafield tag="650" ind1=" " ind2="0">
   <subfield code="a">Women teachers</subfield>
   <subfield code="v">Fiction.</subfield>
  </datafield>
  <datafield tag="651" ind1=" " ind2="0">
   <subfield code="a">Texas</subfield>
   <subfield code="v">Fiction.</subfield>
  </datafield>
  <datafield tag="655" ind1=" " ind2="7">
   <subfield code="a">Large print books.</subfield>
   <subfield code="2">lcgft</subfield>
  </datafield>
  <datafield tag="650" ind1=" " ind2="0">
   <subfield code="a">Love stories.</subfield>
  </datafield>
  <datafield tag="655" ind1=" " ind2="7">
   <subfield code="a">Christian fiction.</subfield>
   <subfield code="2">gsafd</subfield>
  </datafield>
  <datafield tag="650" ind1=" " ind2="0">
   <subfield code="a">Western stories.</subfield>
  </datafield>
  <datafield tag="907" ind1=" " ind2=" ">
   <subfield code="a">.b12505456</subfield>
   <subfield code="b">11-14-23</subfield>
   <subfield code="c">06-12-09</subfield>
  </datafield>
  <datafield tag="998" ind1=" " ind2=" ">
   <subfield code="a">x</subfield>
   <subfield code="b">06-12-09</subfield>
   <subfield code="c">m</subfield>
   <subfield code="d">l  </subfield>
   <subfield code="e">-</subfield>
   <subfield code="f">eng</subfield>
   <subfield code="g">meu</subfield>
   <subfield code="h">0</subfield>
   <subfield code="i">0</subfield>
  </datafield>
  <datafield tag="910" ind1=" " ind2=" ">
   <subfield code="a">RDA ENRICHED</subfield>
  </datafield>
  <datafield tag="910" ind1=" " ind2=" ">
   <subfield code="a">MARS</subfield>
  </datafield>
  <datafield tag="945" ind1=" " ind2=" ">
   <subfield code="a">LP F Copeland     </subfield>
   <subfield code="g">1</subfield>
   <subfield code="i">31743304469743</subfield>
   <subfield code="l">xms  </subfield>
   <subfield code="o">-</subfield>
   <subfield code="p">$25.00</subfield>
   <subfield code="q">-</subfield>
   <subfield code="r">-</subfield>
   <subfield code="s">-  </subfield>
   <subfield code="t">9</subfield>
   <subfield code="u">33</subfield>
   <subfield code="v">8</subfield>
   <subfield code="w">0</subfield>
   <subfield code="x">0</subfield>
   <subfield code="y">.i18339670</subfield>
   <subfield code="z">06-12-09</subfield>
  </datafield>
 </record>