<record>
  <leader>01815cam a22003618a 4500</leader>
  <controlfield tag="001">ocn317824617</controlfield>
  <controlfield tag="005">20150808051439.0</controlfield>
  <controlfield tag="008">090403s2009    nyu    e      000 1 eng  </controlfield>
  <datafield tag="010" ind1=" " ind2=" ">
   <subfield code="a">2009013277</subfield>
  </datafield>
  <datafield tag="020" ind1=" " ind2=" ">
   <subfield code="a">9780553805147 (alk. paper) :</subfield>
   <subfield code="c">$26.00</subfield>
  </datafield>
  <datafield tag="020" ind1=" " ind2=" ">
   <subfield code="a">0553805142 (alk. paper)</subfield>
  </datafield>
  <datafield tag="040" ind1=" " ind2=" ">
   <subfield code="a">DLC</subfield>
   <subfield code="c">DLC</subfield>
   <subfield code="d">UPZ</subfield>
   <subfield code="d">CD5</subfield>
   <subfield code="d">ABG</subfield>
   <subfield code="d">P@N</subfield>
   <subfield code="d">CXP</subfield>
   <subfield code="d">UtOrBLW</subfield>
  </datafield>
  <datafield tag="049" ind1=" " ind2=" ">
   <subfield code="a">PDV</subfield>
  </datafield>
  <datafield tag="092" ind1=" " ind2=" ">
   <subfield code="a">F</subfield>
   <subfield code="b">Rice</subfield>
  </datafield>
  <datafield tag="100" ind1="1" ind2=" ">
   <subfield code="a">Rice, Luanne.</subfield>
  </datafield>
  <datafield tag="245" ind1="1" ind2="4">
   <subfield code="a">The deep blue sea for beginners :</subfield>
   <subfield code="b">a novel /</subfield>
   <subfield code="c">Luanne Rice.</subfield>
  </datafield>
  <datafield tag="250" ind1=" " ind2=" ">
   <subfield code="a">1st ed.</subfield>
  </datafield>
  <datafield tag="264" ind1=" " ind2="1">
   <subfield code="a">New York :</subfield>
   <subfield code="b">Bantam Books,</subfield>
   <subfield code="c">[2009]</subfield>
  </datafield>
  <datafield tag="264" ind1=" " ind2="4">
   <subfield code="c">c2009</subfield>
  </datafield>
  <datafield tag="300" ind1=" " ind2=" ">
   <subfield code="a">302 pages ;</subfield>
   <subfield code="c">24 cm</subfield>
  </datafield>
  <datafield tag="336" ind1=" " ind2=" ">
   <subfield code="a">text</subfield>
   <subfield code="b">txt</subfield>
   <subfield code="2">rdacontent</subfield>
  </datafield>
  <datafield tag="337" ind1=" " ind2=" ">
   <subfield code="a">unmediated</subfield>
   <subfield code="b">n</subfield>
   <subfield code="2">rdamedia</subfield>
  </datafield>
  <datafield tag="338" ind1=" " ind2=" ">
   <subfield code="a">volume</subfield>
   <subfield code="b">nc</subfield>
   <subfield code="2">rdacarrier</subfield>
  </datafield>
  <datafield tag="520" ind1=" " ind2=" ">
   <subfield code="a">Years ago, Lyra Davis left behind a world of wealth and privilege and the people she loved most in the world, unable to reconcile the expectations of her celebrated family with the longings of her own wild heart. Now she lives quietly among a community of expatriates on the isle of Capri--until her daughter Pell travels across an ocean to find the mother she remembers and the deeper truths they all need so desperately.</subfield>
  </datafield>
  <datafield tag="650" ind1=" " ind2="0">
   <subfield code="a">Mothers and daughters</subfield>
   <subfield code="v">Fiction.</subfield>
  </datafield>
  <datafield tag="907" ind1=" " ind2=" ">
   <subfield code="a">.b12505717</subfield>
   <subfield code="b">12-20-22</subfield>
   <subfield code="c">06-16-09</subfield>
  </datafield>
  <datafield tag="998" ind1=" " ind2=" ">
   <subfield code="a">c</subfield>
   <subfield code="a">g</subfield>
   <subfield code="a">l</subfield>
   <subfield code="a">r</subfield>
   <subfield code="b">08-04-09</subfield>
   <subfield code="c">m</subfield>
   <subfield code="d">a  </subfield>
   <subfield code="e">-</subfield>
   <subfield code="f">eng</subfield>
   <subfield code="g">nyu</subfield>
   <subfield code="h">4</subfield>
   <subfield code="i">6</subfield>
  </datafield>
  <datafield tag="910" ind1=" " ind2=" ">
   <subfield code="a">RDA ENRICHED</subfield>
  </datafield>
  <datafield tag="910" ind1=" " ind2=" ">
   <subfield code="a">MARS</subfield>
  </datafield>
  <datafield tag="945" ind1=" " ind2=" ">
   <subfield code="a">F Rice     </subfield>
   <subfield code="g">1</subfield>
   <subfield code="i">31743304341017</subfield>
   <subfield code="l">cms  </subfield>
   <subfield code="o">-</subfield>
   <subfield code="p">$26.00</subfield>
   <subfield code="q">-</subfield>
   <subfield code="r">-</subfield>
   <subfield code="s">-  </subfield>
   <subfield code="t">3</subfield>
   <subfield code="u">32</subfield>
   <subfield code="v">13</subfield>
   <subfield code="w">0</subfield>
   <subfield code="x">0</subfield>
   <subfield code="y">.i18383361</subfield>
   <subfield code="z">08-04-09</subfield>
  </datafield>
  <datafield tag="945" ind1=" " ind2=" ">
   <subfield code="a">F Rice     </subfield>
   <subfield code="g">1</subfield>
   <subfield code="i">31743304341041</subfield>
   <subfield code="l">gms  </subfield>
   <subfield code="o">-</subfield>
   <subfield code="p">$26.00</subfield>
   <subfield code="q">-</subfield>
   <subfield code="r">-</subfield>
   <subfield code="s">-  </subfield>
   <subfield code="t">3</subfield>
   <subfield code="u">24</subfield>
   <subfield code="v">10</subfield>
   <subfield code="w">0</subfield>
   <subfield code="x">0</subfield>
   <subfield code="y">.i18383397</subfield>
   <subfield code="z">08-04-09</subfield>
  </datafield>
  <datafield tag="945" ind1=" " ind2=" ">
   <subfield code="a">F Rice     </subfield>
   <subfield code="g">1</subfield>
   <subfield code="i">31743304341025</subfield>
   <subfield code="l">lms  </subfield>
   <subfield code="o">-</subfield>
   <subfield code="p">$26.00</subfield>
   <subfield code="q">-</subfield>
   <subfield code="r">-</subfield>
   <subfield code="s">-  </subfield>
   <subfield code="t">3</subfield>
   <subfield code="u">29</subfield>
   <subfield code="v">8</subfield>
   <subfield code="w">0</subfield>
   <subfield code="x">0</subfield>
   <subfield code="y">.i18383373</subfield>
   <subfield code="z">08-04-09</subfield>
  </datafield>
  <datafield tag="945" ind1=" " ind2=" ">
   <subfield code="a">F Rice     </subfield>
   <subfield code="g">1</subfield>
   <subfield code="i">31743304340993</subfield>
   <subfield code="l">rms  </subfield>
   <subfield code="o">-</subfield>
   <subfield code="p">$26.00</subfield>
   <subfield code="q">-</subfield>
   <subfield code="r">-</subfield>
   <subfield code="s">-  </subfield>
   <subfield code="t">3</subfield>
   <subfield code="u">33</subfield>
   <subfield code="v">7</subfield>
   <subfield code="w">1</subfield>
   <subfield code="x">1</subfield>
   <subfield code="y">.i18383348</subfield>
   <subfield code="z">08-04-09</subfield>
  </datafield>
 </record>