<record>
  <leader>01830nam a2200337 a 4500</leader>
  <controlfield tag="005">20150808051439.0</controlfield>
  <controlfield tag="008">090113s2008    mduh     i    000 0 eng d</controlfield>
  <datafield tag="010" ind1=" " ind2=" ">
   <subfield code="a">2008937626</subfield>
  </datafield>
  <datafield tag="040" ind1=" " ind2=" ">
   <subfield code="a">IMF</subfield>
   <subfield code="c">IMF</subfield>
   <subfield code="d">OSC</subfield>
   <subfield code="d">UtOrBLW</subfield>
  </datafield>
  <datafield tag="043" ind1=" " ind2=" ">
   <subfield code="a">n-us-va</subfield>
  </datafield>
  <datafield tag="049" ind1=" " ind2=" ">
   <subfield code="a">PDV</subfield>
  </datafield>
  <datafield tag="092" ind1=" " ind2=" ">
   <subfield code="a">929.3</subfield>
   <subfield code="b">Sherman</subfield>
  </datafield>
  <datafield tag="100" ind1="1" ind2=" ">
   <subfield code="a">Sherman, Elizabeth Jane.</subfield>
  </datafield>
  <datafield tag="245" ind1="1" ind2="0">
   <subfield code="a">Augusta County, Virginia, earliest will index :</subfield>
   <subfield code="b">1745-post 1900 /</subfield>
   <subfield code="c">by Elizabeth Jane Sherman.</subfield>
  </datafield>
  <datafield tag="246" ind1="1" ind2="3">
   <subfield code="a">Earliest will index, August County, Virginia</subfield>
  </datafield>
  <datafield tag="264" ind1=" " ind2="1">
   <subfield code="a">Baltimore, Md. :</subfield>
   <subfield code="b">Gateway Press,</subfield>
   <subfield code="c">[2008]</subfield>
  </datafield>
  <datafield tag="264" ind1=" " ind2="4">
   <subfield code="c">c2008</subfield>
  </datafield>
  <datafield tag="300" ind1=" " ind2=" ">
   <subfield code="a">ix, 333 pages :</subfield>
   <subfield code="b">facsimiles ;</subfield>
   <subfield code="c">26 cm</subfield>
  </datafield>
  <datafield tag="336" ind1=" " ind2=" ">
   <subfield code="a">text</subfield>
   <subfield code="b">txt</subfield>
   <subfield code="2">rdacontent</subfield>
  </datafield>
  <datafield tag="337" ind1=" " ind2=" ">
   <subfield code="a">unmediated</subfield>
   <subfield code="b">n</subfield>
   <subfield code="2">rdamedia</subfield>
  </datafield>
  <datafield tag="338" ind1=" " ind2=" ">
   <subfield code="a">volume</subfield>
   <subfield code="b">nc</subfield>
   <subfield code="2">rdacarrier</subfield>
  </datafield>
  <datafield tag="505" ind1="0" ind2=" ">
   <subfield code="a">Southern Ohio Genealogical Society collection.</subfield>
  </datafield>
  <datafield tag="500" ind1=" " ind2=" ">
   <subfield code="a">"Includes number 1 will index, plus 1A, 2A, 3A, 4A &amp; 5A will index books."</subfield>
  </datafield>
  <datafield tag="500" ind1=" " ind2=" ">
   <subfield code="a">"Contains usual estate matters, such as, wills, codicils, administrations, property inventories, appraisals, settlements, and sales; but also a plethora of random documents pertaining to: emancipation of slaves, bonds, liens and crop loans, guardianships, apprenticeships, indentures, marriage and divorce agreements, nominations for public office, military qualifications, promotions and appointments, powers of attorney, widow relinquishments, recantations, executor appointments, deeds of gift, trusts, surveys, contracts and depositions"--P. vii.</subfield>
  </datafield>
  <datafield tag="650" ind1=" " ind2="0">
   <subfield code="a">Wills</subfield>
   <subfield code="z">Virginia</subfield>
   <subfield code="z">Augusta County</subfield>
   <subfield code="v">Indexes.</subfield>
  </datafield>
  <datafield tag="650" ind1=" " ind2="0">
   <subfield code="a">Public records</subfield>
   <subfield code="z">Virginia</subfield>
   <subfield code="z">Augusta County</subfield>
   <subfield code="v">Indexes.</subfield>
  </datafield>
  <datafield tag="907" ind1=" " ind2=" ">
   <subfield code="a">.b12505742</subfield>
   <subfield code="b">08-14-15</subfield>
   <subfield code="c">06-16-09</subfield>
  </datafield>
  <datafield tag="998" ind1=" " ind2=" ">
   <subfield code="a">n</subfield>
   <subfield code="b">06-16-09</subfield>
   <subfield code="c">m</subfield>
   <subfield code="d">a  </subfield>
   <subfield code="e">-</subfield>
   <subfield code="f">eng</subfield>
   <subfield code="g">mdu</subfield>
   <subfield code="h">0</subfield>
   <subfield code="i">0</subfield>
  </datafield>
  <datafield tag="910" ind1=" " ind2=" ">
   <subfield code="a">RDA ENRICHED</subfield>
  </datafield>
  <datafield tag="910" ind1=" " ind2=" ">
   <subfield code="a">MARS</subfield>
  </datafield>
  <datafield tag="945" ind1=" " ind2=" ">
   <subfield code="a">R 929.3 Sherman     </subfield>
   <subfield code="g">1</subfield>
   <subfield code="i">31743304277799</subfield>
   <subfield code="l">nrs  </subfield>
   <subfield code="o">-</subfield>
   <subfield code="p">$20.00</subfield>
   <subfield code="q">-</subfield>
   <subfield code="r">-</subfield>
   <subfield code="s">-  </subfield>
   <subfield code="t">1</subfield>
   <subfield code="u">0</subfield>
   <subfield code="v">0</subfield>
   <subfield code="w">0</subfield>
   <subfield code="x">0</subfield>
   <subfield code="y">.i18341901</subfield>
   <subfield code="z">06-17-09</subfield>
  </datafield>
 </record>