<record>
  <leader>02184cam a22004578a 4500</leader>
  <controlfield tag="001">ocn262887636</controlfield>
  <controlfield tag="005">20150808051439.0</controlfield>
  <controlfield tag="008">081205s2009    nyu    c      000 1 eng  </controlfield>
  <datafield tag="010" ind1=" " ind2=" ">
   <subfield code="a">2008051777</subfield>
  </datafield>
  <datafield tag="020" ind1=" " ind2=" ">
   <subfield code="a">9780060892173 (trade bdg.) :</subfield>
   <subfield code="c">$16.99</subfield>
  </datafield>
  <datafield tag="020" ind1=" " ind2=" ">
   <subfield code="a">006089217X (trade bdg.)</subfield>
  </datafield>
  <datafield tag="020" ind1=" " ind2=" ">
   <subfield code="a">9780060892180 (lib. bdg.)</subfield>
  </datafield>
  <datafield tag="020" ind1=" " ind2=" ">
   <subfield code="a">0060892188 (lib. bdg.)</subfield>
  </datafield>
  <datafield tag="040" ind1=" " ind2=" ">
   <subfield code="a">DLC</subfield>
   <subfield code="c">DLC</subfield>
   <subfield code="d">BTCTA</subfield>
   <subfield code="d">UPZ</subfield>
   <subfield code="d">UtOrBLW</subfield>
  </datafield>
  <datafield tag="049" ind1=" " ind2=" ">
   <subfield code="a">PDV</subfield>
  </datafield>
  <datafield tag="092" ind1=" " ind2=" ">
   <subfield code="a">J</subfield>
   <subfield code="b">Hunter</subfield>
  </datafield>
  <datafield tag="100" ind1="1" ind2=" ">
   <subfield code="a">Hunter, Erin.</subfield>
  </datafield>
  <datafield tag="245" ind1="1" ind2="0">
   <subfield code="a">Sunrise /</subfield>
   <subfield code="c">Erin Hunter.</subfield>
  </datafield>
  <datafield tag="250" ind1=" " ind2=" ">
   <subfield code="a">1st ed.</subfield>
  </datafield>
  <datafield tag="264" ind1=" " ind2="1">
   <subfield code="a">New York :</subfield>
   <subfield code="b">HarperCollinsPublishers,</subfield>
   <subfield code="c">2009.</subfield>
  </datafield>
  <datafield tag="300" ind1=" " ind2=" ">
   <subfield code="a">318 pages ;</subfield>
   <subfield code="c">22 cm.</subfield>
  </datafield>
  <datafield tag="336" ind1=" " ind2=" ">
   <subfield code="a">text</subfield>
   <subfield code="b">txt</subfield>
   <subfield code="2">rdacontent.</subfield>
  </datafield>
  <datafield tag="337" ind1=" " ind2=" ">
   <subfield code="a">unmediated</subfield>
   <subfield code="b">n</subfield>
   <subfield code="2">rdamedia.</subfield>
  </datafield>
  <datafield tag="338" ind1=" " ind2=" ">
   <subfield code="a">volume</subfield>
   <subfield code="b">nc</subfield>
   <subfield code="2">rdacarrier.</subfield>
  </datafield>
  <datafield tag="440" ind1=" " ind2="0">
   <subfield code="a">Warriors, power of three ;</subfield>
   <subfield code="v">bk. 6.</subfield>
  </datafield>
  <datafield tag="520" ind1=" " ind2=" ">
   <subfield code="a">When Firestar's grandchildren, Hollyleaf, Lionblaze, and Jayfeather, finally discover who their true parents are, there are dire consequences for ThunderClan and the Warrior Code.</subfield>
  </datafield>
  <datafield tag="650" ind1=" " ind2="0">
   <subfield code="a">Cats</subfield>
   <subfield code="v">Juvenile fiction.</subfield>
  </datafield>
  <datafield tag="650" ind1=" " ind2="0">
   <subfield code="a">Brothers and sisters</subfield>
   <subfield code="v">Juvenile fiction.</subfield>
  </datafield>
  <datafield tag="650" ind1=" " ind2="0">
   <subfield code="a">Identity (Philosophical concept)</subfield>
   <subfield code="v">Juvenile fiction.</subfield>
  </datafield>
  <datafield tag="650" ind1=" " ind2="0">
   <subfield code="a">Adventure and adventurers</subfield>
   <subfield code="v">Juvenile fiction.</subfield>
  </datafield>
  <datafield tag="907" ind1=" " ind2=" ">
   <subfield code="a">.b1250578x</subfield>
   <subfield code="b">03-21-25</subfield>
   <subfield code="c">06-18-09</subfield>
  </datafield>
  <datafield tag="998" ind1=" " ind2=" ">
   <subfield code="a">x</subfield>
   <subfield code="a">m</subfield>
   <subfield code="a">c</subfield>
   <subfield code="a">a</subfield>
   <subfield code="a">g</subfield>
   <subfield code="a">l</subfield>
   <subfield code="a">r</subfield>
   <subfield code="b">06-18-09</subfield>
   <subfield code="c">m</subfield>
   <subfield code="d">a  </subfield>
   <subfield code="e">-</subfield>
   <subfield code="f">eng</subfield>
   <subfield code="g">nyu</subfield>
   <subfield code="h">0</subfield>
   <subfield code="i">7</subfield>
  </datafield>
  <datafield tag="910" ind1=" " ind2=" ">
   <subfield code="a">RDA ENRICHED</subfield>
  </datafield>
  <datafield tag="910" ind1=" " ind2=" ">
   <subfield code="a">MARS</subfield>
  </datafield>
  <datafield tag="945" ind1=" " ind2=" ">
   <subfield code="a">J Hunter</subfield>
   <subfield code="g">1</subfield>
   <subfield code="i">31743304278904</subfield>
   <subfield code="l">xjs  </subfield>
   <subfield code="o">-</subfield>
   <subfield code="p">$16.99</subfield>
   <subfield code="q">-</subfield>
   <subfield code="r">-</subfield>
   <subfield code="s">-  </subfield>
   <subfield code="t">13</subfield>
   <subfield code="u">13</subfield>
   <subfield code="v">3</subfield>
   <subfield code="w">0</subfield>
   <subfield code="x">1</subfield>
   <subfield code="y">.i18344458</subfield>
   <subfield code="z">06-18-09</subfield>
  </datafield>
  <datafield tag="945" ind1=" " ind2=" ">
   <subfield code="a">J Hunter     </subfield>
   <subfield code="g">1</subfield>
   <subfield code="i">31743309897120</subfield>
   <subfield code="l">msr  </subfield>
   <subfield code="o">-</subfield>
   <subfield code="p">$16.99</subfield>
   <subfield code="q">-</subfield>
   <subfield code="r">-</subfield>
   <subfield code="s">-  </subfield>
   <subfield code="t">13</subfield>
   <subfield code="u">14</subfield>
   <subfield code="v">7</subfield>
   <subfield code="w">5</subfield>
   <subfield code="x">3</subfield>
   <subfield code="y">.i24012221</subfield>
   <subfield code="z">07-27-22</subfield>
  </datafield>
  <datafield tag="945" ind1=" " ind2=" ">
   <subfield code="a">J Hunter     </subfield>
   <subfield code="g">1</subfield>
   <subfield code="i">31743311081853</subfield>
   <subfield code="l">ctwxt</subfield>
   <subfield code="o">-</subfield>
   <subfield code="p">$16.99</subfield>
   <subfield code="q">-</subfield>
   <subfield code="r">-</subfield>
   <subfield code="s">-  </subfield>
   <subfield code="t">13</subfield>
   <subfield code="u">4</subfield>
   <subfield code="v">2</subfield>
   <subfield code="w">1</subfield>
   <subfield code="x">3</subfield>
   <subfield code="y">.i24681106</subfield>
   <subfield code="z">02-23-24</subfield>
  </datafield>
  <datafield tag="945" ind1=" " ind2=" ">
   <subfield code="a">J Hunter     </subfield>
   <subfield code="g">1</subfield>
   <subfield code="i">31743309061677</subfield>
   <subfield code="l">asr  </subfield>
   <subfield code="o">-</subfield>
   <subfield code="p">$16.99</subfield>
   <subfield code="q">-</subfield>
   <subfield code="r">-</subfield>
   <subfield code="s">-  </subfield>
   <subfield code="t">13</subfield>
   <subfield code="u">21</subfield>
   <subfield code="v">8</subfield>
   <subfield code="w">1</subfield>
   <subfield code="x">6</subfield>
   <subfield code="y">.i22770112</subfield>
   <subfield code="z">05-20-19</subfield>
  </datafield>
  <datafield tag="945" ind1=" " ind2=" ">
   <subfield code="a">J Hunter</subfield>
   <subfield code="g">1</subfield>
   <subfield code="i">31743304278888</subfield>
   <subfield code="l">gjs  </subfield>
   <subfield code="o">-</subfield>
   <subfield code="p">$16.99</subfield>
   <subfield code="q">-</subfield>
   <subfield code="r">-</subfield>
   <subfield code="s">-  </subfield>
   <subfield code="t">13</subfield>
   <subfield code="u">40</subfield>
   <subfield code="v">13</subfield>
   <subfield code="w">1</subfield>
   <subfield code="x">0</subfield>
   <subfield code="y">.i18344434</subfield>
   <subfield code="z">06-18-09</subfield>
  </datafield>
  <datafield tag="945" ind1=" " ind2=" ">
   <subfield code="a">J Hunter</subfield>
   <subfield code="g">1</subfield>
   <subfield code="i">31743304278862</subfield>
   <subfield code="l">ljs  </subfield>
   <subfield code="o">-</subfield>
   <subfield code="p">$16.99</subfield>
   <subfield code="q">-</subfield>
   <subfield code="r">-</subfield>
   <subfield code="s">-  </subfield>
   <subfield code="t">13</subfield>
   <subfield code="u">40</subfield>
   <subfield code="v">13</subfield>
   <subfield code="w">0</subfield>
   <subfield code="x">3</subfield>
   <subfield code="y">.i18344410</subfield>
   <subfield code="z">06-18-09</subfield>
  </datafield>
  <datafield tag="945" ind1=" " ind2=" ">
   <subfield code="a">J Hunter     </subfield>
   <subfield code="g">1</subfield>
   <subfield code="i">31743310902646</subfield>
   <subfield code="l">rsr  </subfield>
   <subfield code="o">-</subfield>
   <subfield code="p">$16.99</subfield>
   <subfield code="q">-</subfield>
   <subfield code="r">-</subfield>
   <subfield code="s">!  </subfield>
   <subfield code="t">13</subfield>
   <subfield code="u">45</subfield>
   <subfield code="v">15</subfield>
   <subfield code="w">4</subfield>
   <subfield code="x">5</subfield>
   <subfield code="y">.i21205504</subfield>
   <subfield code="z">01-29-16</subfield>
  </datafield>
 </record>