<record>
  <leader>02571cam a2200409 a 4500</leader>
  <controlfield tag="005">20150808051439.0</controlfield>
  <controlfield tag="008">080710s2009    vauab    b   s001 0 eng  </controlfield>
  <datafield tag="010" ind1=" " ind2=" ">
   <subfield code="a">2008029771</subfield>
  </datafield>
  <datafield tag="020" ind1=" " ind2=" ">
   <subfield code="a">9780813926599 (alk. paper)</subfield>
  </datafield>
  <datafield tag="020" ind1=" " ind2=" ">
   <subfield code="a">0813926599 (alk. paper)</subfield>
  </datafield>
  <datafield tag="040" ind1=" " ind2=" ">
   <subfield code="a">DNAL/DLC</subfield>
   <subfield code="c">DLC</subfield>
   <subfield code="d">YDXCP</subfield>
   <subfield code="d">BTCTA</subfield>
   <subfield code="d">C#P</subfield>
   <subfield code="d">CDX</subfield>
   <subfield code="d">BWX</subfield>
   <subfield code="d">UKM</subfield>
   <subfield code="d">COO</subfield>
   <subfield code="d">PUL</subfield>
   <subfield code="d">UtOrBLW</subfield>
  </datafield>
  <datafield tag="043" ind1=" " ind2=" ">
   <subfield code="a">n-us-va</subfield>
  </datafield>
  <datafield tag="049" ind1=" " ind2=" ">
   <subfield code="a">PDV</subfield>
  </datafield>
  <datafield tag="070" ind1="0" ind2=" ">
   <subfield code="a">SB466.U65</subfield>
   <subfield code="b">V83 2009</subfield>
  </datafield>
  <datafield tag="092" ind1=" " ind2=" ">
   <subfield code="a">712.0975</subfield>
   <subfield code="b">Bemiss</subfield>
  </datafield>
  <datafield tag="100" ind1="1" ind2=" ">
   <subfield code="a">Bemiss, Margaret Page.</subfield>
  </datafield>
  <datafield tag="245" ind1="1" ind2="0">
   <subfield code="a">Historic Virginia gardens :</subfield>
   <subfield code="b">preservation work of the Garden Club of Virginia, 1975-2007 /</subfield>
   <subfield code="c">Margaret Page Bemiss ; photographs by Roger Foley.</subfield>
  </datafield>
  <datafield tag="246" ind1="3" ind2="0">
   <subfield code="a">Preservation work of the Garden Club of Virginia, 1975-2007</subfield>
  </datafield>
  <datafield tag="264" ind1=" " ind2="1">
   <subfield code="a">Charlottesville :</subfield>
   <subfield code="b">University of Virginia Press,</subfield>
   <subfield code="c">2009.</subfield>
  </datafield>
  <datafield tag="300" ind1=" " ind2=" ">
   <subfield code="a">xxv, 275 pages :</subfield>
   <subfield code="b">illustrations (chiefly color), map ;</subfield>
   <subfield code="c">26 cm</subfield>
  </datafield>
  <datafield tag="336" ind1=" " ind2=" ">
   <subfield code="a">text</subfield>
   <subfield code="b">txt</subfield>
   <subfield code="2">rdacontent</subfield>
  </datafield>
  <datafield tag="337" ind1=" " ind2=" ">
   <subfield code="a">unmediated</subfield>
   <subfield code="b">n</subfield>
   <subfield code="2">rdamedia</subfield>
  </datafield>
  <datafield tag="338" ind1=" " ind2=" ">
   <subfield code="a">volume</subfield>
   <subfield code="b">nc</subfield>
   <subfield code="2">rdacarrier</subfield>
  </datafield>
  <datafield tag="504" ind1=" " ind2=" ">
   <subfield code="a">Includes bibliographical references (pages 263-266) and index.</subfield>
  </datafield>
  <datafield tag="505" ind1="0" ind2=" ">
   <subfield code="a">Bacon's Castle -- Belle Grove -- Belmont -- Blandy -- Bruton Parish churchyard -- Centre Hill -- The Executive Mansion -- Grace Arents Garden at Lewis Ginter Botanical Garden -- Hollins University -- Kenmore -- Kent-Valentine House -- Ker Place -- Lee Hall Mansion -- Mary Washington House -- Maymont -- Monticello -- Montpelier -- Moses Myers House -- Mount Vernon -- Oatlands -- Old Portsmouth Courthouse -- Point of Honor -- Smithfield -- St. Luke's churchyard -- Sutherlin House -- Sweet Briar College -- University of Virginia pavilions III and VI -- Washington and Lee University -- Woodrow Wilson Presidential Library at his birthplace -- Yeardley House.</subfield>
  </datafield>
  <datafield tag="650" ind1=" " ind2="0">
   <subfield code="a">Historic gardens</subfield>
   <subfield code="z">Virginia</subfield>
   <subfield code="x">History.</subfield>
  </datafield>
  <datafield tag="650" ind1=" " ind2="0">
   <subfield code="a">Historic gardens</subfield>
   <subfield code="x">Conservation and restoration</subfield>
   <subfield code="z">Virginia</subfield>
   <subfield code="x">History.</subfield>
  </datafield>
  <datafield tag="610" ind1="2" ind2="0">
   <subfield code="a">Garden Club of Virginia</subfield>
   <subfield code="x">History.</subfield>
  </datafield>
  <datafield tag="700" ind1="1" ind2=" ">
   <subfield code="a">Foley, Roger.</subfield>
  </datafield>
  <datafield tag="907" ind1=" " ind2=" ">
   <subfield code="a">.b12505869</subfield>
   <subfield code="b">12-03-19</subfield>
   <subfield code="c">06-23-09</subfield>
  </datafield>
  <datafield tag="998" ind1=" " ind2=" ">
   <subfield code="a">z</subfield>
   <subfield code="a">m</subfield>
   <subfield code="a">c</subfield>
   <subfield code="a">l</subfield>
   <subfield code="b">06-23-09</subfield>
   <subfield code="c">m</subfield>
   <subfield code="d">a  </subfield>
   <subfield code="e">-</subfield>
   <subfield code="f">eng</subfield>
   <subfield code="g">vau</subfield>
   <subfield code="h">0</subfield>
   <subfield code="i">4</subfield>
  </datafield>
  <datafield tag="910" ind1=" " ind2=" ">
   <subfield code="a">RDA ENRICHED</subfield>
  </datafield>
  <datafield tag="910" ind1=" " ind2=" ">
   <subfield code="a">MARS</subfield>
  </datafield>
  <datafield tag="945" ind1=" " ind2=" ">
   <subfield code="a">712.0975 Bem  </subfield>
   <subfield code="g">1</subfield>
   <subfield code="i">31743304594763</subfield>
   <subfield code="l">zrr  </subfield>
   <subfield code="o">-</subfield>
   <subfield code="p">$15.00</subfield>
   <subfield code="q">-</subfield>
   <subfield code="r">-</subfield>
   <subfield code="s">-  </subfield>
   <subfield code="t">1</subfield>
   <subfield code="u">0</subfield>
   <subfield code="v">0</subfield>
   <subfield code="w">0</subfield>
   <subfield code="x">0</subfield>
   <subfield code="y">.i18807501</subfield>
   <subfield code="z">08-05-10</subfield>
  </datafield>
  <datafield tag="945" ind1=" " ind2=" ">
   <subfield code="a">712.0975 Bemiss</subfield>
   <subfield code="g">1</subfield>
   <subfield code="i">31743304469974</subfield>
   <subfield code="l">mms  </subfield>
   <subfield code="o">-</subfield>
   <subfield code="p">$24.95</subfield>
   <subfield code="q">-</subfield>
   <subfield code="r">-</subfield>
   <subfield code="s">-  </subfield>
   <subfield code="t">2</subfield>
   <subfield code="u">27</subfield>
   <subfield code="v">16</subfield>
   <subfield code="w">1</subfield>
   <subfield code="x">0</subfield>
   <subfield code="y">.i18344033</subfield>
   <subfield code="z">06-18-09</subfield>
  </datafield>
  <datafield tag="945" ind1=" " ind2=" ">
   <subfield code="a">712.0975 Bemiss     </subfield>
   <subfield code="g">1</subfield>
   <subfield code="i">31743306476860</subfield>
   <subfield code="l">cms  </subfield>
   <subfield code="o">-</subfield>
   <subfield code="p">$49.95</subfield>
   <subfield code="q">-</subfield>
   <subfield code="r">-</subfield>
   <subfield code="s">-  </subfield>
   <subfield code="t">2</subfield>
   <subfield code="u">20</subfield>
   <subfield code="v">12</subfield>
   <subfield code="w">0</subfield>
   <subfield code="x">2</subfield>
   <subfield code="y">.i20399790</subfield>
   <subfield code="z">04-03-14</subfield>
  </datafield>
  <datafield tag="945" ind1=" " ind2=" ">
   <subfield code="a">712.0975 Bemiss     </subfield>
   <subfield code="g">1</subfield>
   <subfield code="i">31743304685074</subfield>
   <subfield code="l">lms  </subfield>
   <subfield code="o">-</subfield>
   <subfield code="p">$24.95</subfield>
   <subfield code="q">-</subfield>
   <subfield code="r">-</subfield>
   <subfield code="s">-  </subfield>
   <subfield code="t">2</subfield>
   <subfield code="u">22</subfield>
   <subfield code="v">7</subfield>
   <subfield code="w">0</subfield>
   <subfield code="x">0</subfield>
   <subfield code="y">.i18700019</subfield>
   <subfield code="z">04-06-10</subfield>
  </datafield>
 </record>