<record>
  <leader>02146nam a2200457 a 4500</leader>
  <controlfield tag="005">20150808051441.0</controlfield>
  <controlfield tag="008">041008s2004    nyua          000 c eng d</controlfield>
  <datafield tag="020" ind1=" " ind2=" ">
   <subfield code="a">0785114041 (pbk.)</subfield>
  </datafield>
  <datafield tag="020" ind1=" " ind2=" ">
   <subfield code="a">9780785114048 (pbk.) :</subfield>
   <subfield code="c">$10.99</subfield>
  </datafield>
  <datafield tag="040" ind1=" " ind2=" ">
   <subfield code="a">KyLxBWI</subfield>
   <subfield code="c">KyLxBWI</subfield>
   <subfield code="d">KyLxBWI</subfield>
   <subfield code="d">CoLwJCPL</subfield>
   <subfield code="d">UtOrBLW</subfield>
  </datafield>
  <datafield tag="049" ind1=" " ind2=" ">
   <subfield code="a">PDV</subfield>
  </datafield>
  <datafield tag="092" ind1=" " ind2=" ">
   <subfield code="a">YA</subfield>
   <subfield code="b">Vaughan</subfield>
  </datafield>
  <datafield tag="100" ind1="1" ind2=" ">
   <subfield code="a">Vaughan, Brian K.</subfield>
  </datafield>
  <datafield tag="245" ind1="1" ind2="4">
   <subfield code="a">The tempest /</subfield>
   <subfield code="c">writer, Brian K. Vaughan ; artist, Brandon Peterson ; colors, Justin Ponsor ; letters, Chris Eliopoulos.</subfield>
  </datafield>
  <datafield tag="250" ind1=" " ind2=" ">
   <subfield code="a">Direct ed.</subfield>
  </datafield>
  <datafield tag="264" ind1=" " ind2="1">
   <subfield code="a">New York, NY :</subfield>
   <subfield code="b">Marvel Comics,</subfield>
   <subfield code="c">[2004]</subfield>
  </datafield>
  <datafield tag="264" ind1=" " ind2="4">
   <subfield code="c">c2004.</subfield>
  </datafield>
  <datafield tag="300" ind1=" " ind2=" ">
   <subfield code="a">1 volume (unpaged) :</subfield>
   <subfield code="b">chiefly color illustrations ;</subfield>
   <subfield code="c">26 cm.</subfield>
  </datafield>
  <datafield tag="336" ind1=" " ind2=" ">
   <subfield code="a">text</subfield>
   <subfield code="b">txt</subfield>
   <subfield code="2">rdacontent.</subfield>
  </datafield>
  <datafield tag="337" ind1=" " ind2=" ">
   <subfield code="a">unmediated</subfield>
   <subfield code="b">n</subfield>
   <subfield code="2">rdamedia.</subfield>
  </datafield>
  <datafield tag="338" ind1=" " ind2=" ">
   <subfield code="a">volume</subfield>
   <subfield code="b">nc</subfield>
   <subfield code="2">rdacarrier.</subfield>
  </datafield>
  <datafield tag="440" ind1=" " ind2="0">
   <subfield code="a">Ultimate X-Men ;</subfield>
   <subfield code="v">v. 9.</subfield>
  </datafield>
  <datafield tag="500" ind1=" " ind2=" ">
   <subfield code="a">"Contains material originally published in magazine form as Ultimate X-men #46-49."</subfield>
  </datafield>
  <datafield tag="520" ind1=" " ind2=" ">
   <subfield code="a">As the X-men struggle to deal with Hank's death, a new threat delivers even more grief. A mysterious Mr. Sinister arrives in town and begins systematically killing young mutants. Can Xavier and his team stop him before he destroys them all?</subfield>
  </datafield>
  <datafield tag="650" ind1=" " ind2="0">
   <subfield code="a">X-Men (Fictitious characters)</subfield>
   <subfield code="v">Comic books, strips, etc.</subfield>
   <subfield code="v">Young adult fiction.</subfield>
  </datafield>
  <datafield tag="650" ind1=" " ind2="0">
   <subfield code="a">X-Men (Fictitious characters)</subfield>
   <subfield code="v">Young adult fiction.</subfield>
  </datafield>
  <datafield tag="650" ind1=" " ind2="0">
   <subfield code="a">Mutation (Biology)</subfield>
   <subfield code="v">Comic books, strips, etc.</subfield>
   <subfield code="v">Young adult fiction.</subfield>
  </datafield>
  <datafield tag="650" ind1=" " ind2="0">
   <subfield code="a">Mutation (Biology)</subfield>
   <subfield code="v">Young adult fiction.</subfield>
  </datafield>
  <datafield tag="650" ind1=" " ind2="0">
   <subfield code="a">Heroes</subfield>
   <subfield code="v">Comic books, strips, etc.</subfield>
   <subfield code="v">Young adult fiction.</subfield>
  </datafield>
  <datafield tag="650" ind1=" " ind2="0">
   <subfield code="a">Superhero comic books, strips, etc.</subfield>
   <subfield code="v">Young adult fiction.</subfield>
  </datafield>
  <datafield tag="650" ind1=" " ind2="0">
   <subfield code="a">Science fiction comic books, strips, etc.</subfield>
   <subfield code="v">Young adult fiction.</subfield>
  </datafield>
  <datafield tag="655" ind1=" " ind2="7">
   <subfield code="a">Graphic novels</subfield>
   <subfield code="2">lcgft.</subfield>
  </datafield>
  <datafield tag="700" ind1="1" ind2=" ">
   <subfield code="a">Peterson, Brandon.</subfield>
  </datafield>
  <datafield tag="700" ind1="1" ind2=" ">
   <subfield code="a">Ponsor, Justin.</subfield>
  </datafield>
  <datafield tag="700" ind1="1" ind2=" ">
   <subfield code="a">Eliopoulos, Chris.</subfield>
  </datafield>
  <datafield tag="730" ind1="0" ind2=" ">
   <subfield code="a">X-men (Comic strip)</subfield>
  </datafield>
  <datafield tag="907" ind1=" " ind2=" ">
   <subfield code="a">.b12506357</subfield>
   <subfield code="b">02-03-25</subfield>
   <subfield code="c">06-26-09</subfield>
  </datafield>
  <datafield tag="998" ind1=" " ind2=" ">
   <subfield code="a">r</subfield>
   <subfield code="b">06-26-09</subfield>
   <subfield code="c">m</subfield>
   <subfield code="d">a  </subfield>
   <subfield code="e">-</subfield>
   <subfield code="f">eng</subfield>
   <subfield code="g">nyu</subfield>
   <subfield code="h">4</subfield>
   <subfield code="i">0</subfield>
  </datafield>
  <datafield tag="910" ind1=" " ind2=" ">
   <subfield code="a">RDA ENRICHED</subfield>
  </datafield>
  <datafield tag="910" ind1=" " ind2=" ">
   <subfield code="a">MARS</subfield>
  </datafield>
  <datafield tag="945" ind1=" " ind2=" ">
   <subfield code="a">YA Vaughan     </subfield>
   <subfield code="g">1</subfield>
   <subfield code="i">31743304412438</subfield>
   <subfield code="l">rygn </subfield>
   <subfield code="o">-</subfield>
   <subfield code="p">$10.99</subfield>
   <subfield code="q">-</subfield>
   <subfield code="r">-</subfield>
   <subfield code="s">-  </subfield>
   <subfield code="t">74</subfield>
   <subfield code="u">114</subfield>
   <subfield code="v">39</subfield>
   <subfield code="w">4</subfield>
   <subfield code="x">1</subfield>
   <subfield code="y">.i1835094x</subfield>
   <subfield code="z">06-29-09</subfield>
  </datafield>
 </record>