<record>
  <leader>01269nam a2200337 a 4500</leader>
  <controlfield tag="005">20150808051441.0</controlfield>
  <controlfield tag="008">090626s1988    fr a   j      000 1 fre d</controlfield>
  <datafield tag="020" ind1=" " ind2=" ">
   <subfield code="a">2092716204</subfield>
  </datafield>
  <datafield tag="020" ind1=" " ind2=" ">
   <subfield code="a">9782092716205</subfield>
  </datafield>
  <datafield tag="040" ind1=" " ind2=" ">
   <subfield code="d">UtOrBLW</subfield>
  </datafield>
  <datafield tag="041" ind1="1" ind2=" ">
   <subfield code="a">fre</subfield>
   <subfield code="h">eng</subfield>
  </datafield>
  <datafield tag="049" ind1=" " ind2=" ">
   <subfield code="a">PDV</subfield>
  </datafield>
  <datafield tag="092" ind1=" " ind2=" ">
   <subfield code="a">Fr. JP</subfield>
   <subfield code="b">Riddell</subfield>
  </datafield>
  <datafield tag="100" ind1="1" ind2=" ">
   <subfield code="a">Riddell, Chris.</subfield>
  </datafield>
  <datafield tag="240" ind1="1" ind2="4">
   <subfield code="a">The trouble with elephants.</subfield>
   <subfield code="l">French</subfield>
  </datafield>
  <datafield tag="245" ind1="1" ind2="0">
   <subfield code="a">Mes elephants font des histoires! /</subfield>
   <subfield code="c">C. Riddell ; adaptation de Claude Morand.</subfield>
  </datafield>
  <datafield tag="264" ind1=" " ind2="1">
   <subfield code="a">Paris :</subfield>
   <subfield code="b">Nathan,</subfield>
   <subfield code="c">[1988]</subfield>
  </datafield>
  <datafield tag="264" ind1=" " ind2="4">
   <subfield code="c">c1988</subfield>
  </datafield>
  <datafield tag="300" ind1=" " ind2=" ">
   <subfield code="a">25 unnumbered pages :</subfield>
   <subfield code="b">color illustrations ;</subfield>
   <subfield code="c">27 cm</subfield>
  </datafield>
  <datafield tag="336" ind1=" " ind2=" ">
   <subfield code="a">text</subfield>
   <subfield code="b">txt</subfield>
   <subfield code="2">rdacontent</subfield>
  </datafield>
  <datafield tag="337" ind1=" " ind2=" ">
   <subfield code="a">unmediated</subfield>
   <subfield code="b">n</subfield>
   <subfield code="2">rdamedia</subfield>
  </datafield>
  <datafield tag="338" ind1=" " ind2=" ">
   <subfield code="a">volume</subfield>
   <subfield code="b">nc</subfield>
   <subfield code="2">rdacarrier</subfield>
  </datafield>
  <datafield tag="500" ind1=" " ind2=" ">
   <subfield code="a">Translation of: The trouble with elephants.</subfield>
  </datafield>
  <datafield tag="520" ind1=" " ind2=" ">
   <subfield code="a">A little girl describes the various problems with elephants, but decides the real trouble with elephants is that you can't help but love them.</subfield>
  </datafield>
  <datafield tag="650" ind1=" " ind2="0">
   <subfield code="a">Elephants</subfield>
   <subfield code="v">Juvenile fiction.</subfield>
  </datafield>
  <datafield tag="700" ind1="1" ind2=" ">
   <subfield code="a">Morand, Claude.</subfield>
  </datafield>
  <datafield tag="907" ind1=" " ind2=" ">
   <subfield code="a">.b12506394</subfield>
   <subfield code="b">08-08-23</subfield>
   <subfield code="c">06-26-09</subfield>
  </datafield>
  <datafield tag="998" ind1=" " ind2=" ">
   <subfield code="a">m</subfield>
   <subfield code="b">06-26-09</subfield>
   <subfield code="c">m</subfield>
   <subfield code="d">a  </subfield>
   <subfield code="e">-</subfield>
   <subfield code="f">fre</subfield>
   <subfield code="g">fr </subfield>
   <subfield code="h">0</subfield>
   <subfield code="i">0</subfield>
  </datafield>
  <datafield tag="910" ind1=" " ind2=" ">
   <subfield code="a">RDA ENRICHED</subfield>
  </datafield>
  <datafield tag="910" ind1=" " ind2=" ">
   <subfield code="a">MARS</subfield>
  </datafield>
  <datafield tag="945" ind1=" " ind2=" ">
   <subfield code="a">Fr. JP Riddell     </subfield>
   <subfield code="g">1</subfield>
   <subfield code="i">31743304280462</subfield>
   <subfield code="l">mjs  </subfield>
   <subfield code="o">-</subfield>
   <subfield code="p">$15.00</subfield>
   <subfield code="q">-</subfield>
   <subfield code="r">-</subfield>
   <subfield code="s">-  </subfield>
   <subfield code="t">16</subfield>
   <subfield code="u">42</subfield>
   <subfield code="v">18</subfield>
   <subfield code="w">7</subfield>
   <subfield code="x">5</subfield>
   <subfield code="y">.i18350379</subfield>
   <subfield code="z">06-26-09</subfield>
  </datafield>
 </record>