<record>
  <leader>01128cam a2200337 a 4500</leader>
  <controlfield tag="001">   96033596 </controlfield>
  <controlfield tag="005">20150808051442.0</controlfield>
  <controlfield tag="008">960808s1999    nyua          001 0 eng  </controlfield>
  <datafield tag="010" ind1=" " ind2=" ">
   <subfield code="a">96033596</subfield>
  </datafield>
  <datafield tag="020" ind1=" " ind2=" ">
   <subfield code="a">0789442590 (pbk.) :</subfield>
   <subfield code="c">$15.00</subfield>
  </datafield>
  <datafield tag="040" ind1=" " ind2=" ">
   <subfield code="a">DLC</subfield>
   <subfield code="c">DLC</subfield>
   <subfield code="d">DLC</subfield>
   <subfield code="d">UtOrBLW</subfield>
  </datafield>
  <datafield tag="049" ind1=" " ind2=" ">
   <subfield code="a">PDV</subfield>
  </datafield>
  <datafield tag="092" ind1=" " ind2=" ">
   <subfield code="a">613.7148</subfield>
   <subfield code="b">McFarlane</subfield>
  </datafield>
  <datafield tag="100" ind1="1" ind2=" ">
   <subfield code="a">McFarlane, Stewart.</subfield>
  </datafield>
  <datafield tag="245" ind1="1" ind2="4">
   <subfield code="a">The complete book of t'ai chi /</subfield>
   <subfield code="c">Stewart McFarlane ; consultant, Tan Mew Hong.</subfield>
  </datafield>
  <datafield tag="246" ind1="3" ind2="0">
   <subfield code="a">T'ai chi</subfield>
  </datafield>
  <datafield tag="250" ind1=" " ind2=" ">
   <subfield code="a">1st pbk. ed.</subfield>
  </datafield>
  <datafield tag="264" ind1=" " ind2="1">
   <subfield code="a">New York :</subfield>
   <subfield code="b">DK Pub.,</subfield>
   <subfield code="c">1999.</subfield>
  </datafield>
  <datafield tag="300" ind1=" " ind2=" ">
   <subfield code="a">120 pages :</subfield>
   <subfield code="b">illustrations (chiefly color) ;</subfield>
   <subfield code="c">24 cm</subfield>
  </datafield>
  <datafield tag="336" ind1=" " ind2=" ">
   <subfield code="a">text</subfield>
   <subfield code="b">txt</subfield>
   <subfield code="2">rdacontent</subfield>
  </datafield>
  <datafield tag="337" ind1=" " ind2=" ">
   <subfield code="a">unmediated</subfield>
   <subfield code="b">n</subfield>
   <subfield code="2">rdamedia</subfield>
  </datafield>
  <datafield tag="338" ind1=" " ind2=" ">
   <subfield code="a">volume</subfield>
   <subfield code="b">nc</subfield>
   <subfield code="2">rdacarrier</subfield>
  </datafield>
  <datafield tag="500" ind1=" " ind2=" ">
   <subfield code="a">Includes index.</subfield>
  </datafield>
  <datafield tag="650" ind1=" " ind2="0">
   <subfield code="a">Tai chi.</subfield>
  </datafield>
  <datafield tag="650" ind1=" " ind2="0">
   <subfield code="a">Tai chi</subfield>
   <subfield code="v">Handbooks, manuals, etc.</subfield>
  </datafield>
  <datafield tag="700" ind1="1" ind2=" ">
   <subfield code="a">Tan, Mew Hong.</subfield>
  </datafield>
  <datafield tag="907" ind1=" " ind2=" ">
   <subfield code="a">.b12506461</subfield>
   <subfield code="b">11-12-21</subfield>
   <subfield code="c">06-29-09</subfield>
  </datafield>
  <datafield tag="998" ind1=" " ind2=" ">
   <subfield code="a">m</subfield>
   <subfield code="b">06-29-09</subfield>
   <subfield code="c">m</subfield>
   <subfield code="d">a  </subfield>
   <subfield code="e">-</subfield>
   <subfield code="f">eng</subfield>
   <subfield code="g">nyu</subfield>
   <subfield code="h">4</subfield>
   <subfield code="i">0</subfield>
  </datafield>
  <datafield tag="910" ind1=" " ind2=" ">
   <subfield code="a">RDA ENRICHED</subfield>
  </datafield>
  <datafield tag="910" ind1=" " ind2=" ">
   <subfield code="a">MARS</subfield>
  </datafield>
  <datafield tag="945" ind1=" " ind2=" ">
   <subfield code="a">613.7148 McFarlane     </subfield>
   <subfield code="g">1</subfield>
   <subfield code="i">31743304280561</subfield>
   <subfield code="l">mms  </subfield>
   <subfield code="o">-</subfield>
   <subfield code="p">$15.00</subfield>
   <subfield code="q">-</subfield>
   <subfield code="r">-</subfield>
   <subfield code="s">-  </subfield>
   <subfield code="t">2</subfield>
   <subfield code="u">34</subfield>
   <subfield code="v">16</subfield>
   <subfield code="w">3</subfield>
   <subfield code="x">1</subfield>
   <subfield code="y">.i18352030</subfield>
   <subfield code="z">06-30-09</subfield>
  </datafield>
 </record>