<record>
  <leader>01618nim a2200433 a 4500</leader>
  <controlfield tag="001">rcb00000724</controlfield>
  <controlfield tag="005">20150808051442.0</controlfield>
  <controlfield tag="007">sd fungnnmmned</controlfield>
  <controlfield tag="008">080826s2008    ilunnn         f    eng d</controlfield>
  <datafield tag="020" ind1=" " ind2=" ">
   <subfield code="a">9781598594195 :</subfield>
   <subfield code="c">$27.99</subfield>
  </datafield>
  <datafield tag="040" ind1=" " ind2=" ">
   <subfield code="a">CtWfDGI</subfield>
   <subfield code="c">CtWfDGI</subfield>
   <subfield code="d">UtOrBLW</subfield>
  </datafield>
  <datafield tag="043" ind1=" " ind2=" ">
   <subfield code="a">n-us-or</subfield>
  </datafield>
  <datafield tag="049" ind1=" " ind2=" ">
   <subfield code="a">PDV</subfield>
  </datafield>
  <datafield tag="092" ind1=" " ind2=" ">
   <subfield code="a">TB CD</subfield>
   <subfield code="b">Young</subfield>
  </datafield>
  <datafield tag="100" ind1="1" ind2=" ">
   <subfield code="a">Young, William P.</subfield>
  </datafield>
  <datafield tag="245" ind1="1" ind2="4">
   <subfield code="a">The shack</subfield>
   <subfield code="h">[sound recording] /</subfield>
   <subfield code="c">William P. Young.</subfield>
  </datafield>
  <datafield tag="250" ind1=" " ind2=" ">
   <subfield code="a">Unabridged.</subfield>
  </datafield>
  <datafield tag="264" ind1=" " ind2="1">
   <subfield code="a">Carol Stream, Ill. :</subfield>
   <subfield code="b">Oasis Audio :</subfield>
   <subfield code="b">McNaughton Audiobound,</subfield>
   <subfield code="c">[2008]</subfield>
  </datafield>
  <datafield tag="264" ind1=" " ind2="4">
   <subfield code="c">p2008</subfield>
  </datafield>
  <datafield tag="300" ind1=" " ind2=" ">
   <subfield code="a">7 sound discs (8 hr., 30 min.) :</subfield>
   <subfield code="b">digital ;</subfield>
   <subfield code="c">4 3/4 in.</subfield>
  </datafield>
  <datafield tag="336" ind1=" " ind2=" ">
   <subfield code="a">spoken word</subfield>
   <subfield code="b">spw</subfield>
   <subfield code="2">rdacontent</subfield>
  </datafield>
  <datafield tag="337" ind1=" " ind2=" ">
   <subfield code="a">audio</subfield>
   <subfield code="b">s</subfield>
   <subfield code="2">rdamedia</subfield>
  </datafield>
  <datafield tag="338" ind1=" " ind2=" ">
   <subfield code="a">audio disc</subfield>
   <subfield code="b">sd</subfield>
   <subfield code="2">rdacarrier</subfield>
  </datafield>
  <datafield tag="500" ind1=" " ind2=" ">
   <subfield code="a">Compact disc.</subfield>
  </datafield>
  <datafield tag="511" ind1="0" ind2=" ">
   <subfield code="a">Read by Roger Mueller.</subfield>
  </datafield>
  <datafield tag="520" ind1=" " ind2=" ">
   <subfield code="a">Four years after his daughter is abducted and evidence of her murder is found in an abandoned shack, Mackenzie Allen Philips returns to the shack in response to a note claiming to be from God, and has a life-changing experience.</subfield>
  </datafield>
  <datafield tag="500" ind1=" " ind2=" ">
   <subfield code="a">In container (17 cm.).</subfield>
  </datafield>
  <datafield tag="650" ind1=" " ind2="0">
   <subfield code="a">Life change events</subfield>
   <subfield code="v">Fiction.</subfield>
  </datafield>
  <datafield tag="650" ind1=" " ind2="0">
   <subfield code="a">Missing children</subfield>
   <subfield code="v">Fiction.</subfield>
  </datafield>
  <datafield tag="650" ind1=" " ind2="0">
   <subfield code="a">Audiobooks.</subfield>
  </datafield>
  <datafield tag="651" ind1=" " ind2="0">
   <subfield code="a">Oregon</subfield>
   <subfield code="v">Fiction.</subfield>
  </datafield>
  <datafield tag="650" ind1=" " ind2="0">
   <subfield code="a">Religious fiction.</subfield>
  </datafield>
  <datafield tag="650" ind1=" " ind2="0">
   <subfield code="a">Suspense fiction.</subfield>
  </datafield>
  <datafield tag="700" ind1="1" ind2=" ">
   <subfield code="a">Mueller, Roger.</subfield>
  </datafield>
  <datafield tag="907" ind1=" " ind2=" ">
   <subfield code="a">.b12506473</subfield>
   <subfield code="b">05-03-24</subfield>
   <subfield code="c">06-30-09</subfield>
  </datafield>
  <datafield tag="998" ind1=" " ind2=" ">
   <subfield code="a">s</subfield>
   <subfield code="b">06-30-09</subfield>
   <subfield code="c">m</subfield>
   <subfield code="d">z  </subfield>
   <subfield code="e">-</subfield>
   <subfield code="f">eng</subfield>
   <subfield code="g">ilu</subfield>
   <subfield code="h">4</subfield>
   <subfield code="i">0</subfield>
  </datafield>
  <datafield tag="910" ind1=" " ind2=" ">
   <subfield code="a">RDA ENRICHED</subfield>
  </datafield>
  <datafield tag="910" ind1=" " ind2=" ">
   <subfield code="a">MARS</subfield>
  </datafield>
  <datafield tag="945" ind1=" " ind2=" ">
   <subfield code="a">TB CD Young     </subfield>
   <subfield code="g">1</subfield>
   <subfield code="i">31743304412933</subfield>
   <subfield code="l">sms  </subfield>
   <subfield code="o">-</subfield>
   <subfield code="p">$27.99</subfield>
   <subfield code="q">b</subfield>
   <subfield code="r">-</subfield>
   <subfield code="s">-  </subfield>
   <subfield code="t">32</subfield>
   <subfield code="u">66</subfield>
   <subfield code="v">15</subfield>
   <subfield code="w">1</subfield>
   <subfield code="x">0</subfield>
   <subfield code="y">.i18352388</subfield>
   <subfield code="z">06-30-09</subfield>
  </datafield>
 </record>