<record>
  <leader>02384nam a2200529 a 4500</leader>
  <controlfield tag="005">20150808051442.0</controlfield>
  <controlfield tag="008">780502s1978    nyu    j      000 1 eng  </controlfield>
  <datafield tag="010" ind1=" " ind2=" ">
   <subfield code="a">78009648</subfield>
  </datafield>
  <datafield tag="020" ind1=" " ind2=" ">
   <subfield code="a">9780312368562</subfield>
   <subfield code="q">(paperback) :</subfield>
   <subfield code="c">$6.99</subfield>
  </datafield>
  <datafield tag="020" ind1=" " ind2=" ">
   <subfield code="a">9780312368609</subfield>
   <subfield code="q">(paperback) :</subfield>
   <subfield code="c">$6.99</subfield>
  </datafield>
  <datafield tag="020" ind1=" " ind2=" ">
   <subfield code="a">9781439555606</subfield>
   <subfield code="q">(Paw Prints) :</subfield>
   <subfield code="c">$10.39</subfield>
  </datafield>
  <datafield tag="020" ind1=" " ind2=" ">
   <subfield code="a">9781439518175</subfield>
   <subfield code="q">(Follett Bound) :</subfield>
   <subfield code="c">$15.99</subfield>
  </datafield>
  <datafield tag="040" ind1=" " ind2=" ">
   <subfield code="a">DLC</subfield>
   <subfield code="c">DLC</subfield>
   <subfield code="d">DLC</subfield>
   <subfield code="d">UtOrBLW</subfield>
  </datafield>
  <datafield tag="049" ind1=" " ind2=" ">
   <subfield code="a">PDV</subfield>
  </datafield>
  <datafield tag="100" ind1="1" ind2=" ">
   <subfield code="a">L'Engle, Madeleine,</subfield>
   <subfield code="e">author.</subfield>
  </datafield>
  <datafield tag="245" ind1="1" ind2="2">
   <subfield code="a">A swiftly tilting planet /</subfield>
   <subfield code="c">Madeleine L'Engle.</subfield>
  </datafield>
  <datafield tag="250" ind1=" " ind2=" ">
   <subfield code="a">1st Square Fish mass market ed.</subfield>
  </datafield>
  <datafield tag="264" ind1=" " ind2="1">
   <subfield code="a">New York :</subfield>
   <subfield code="b">Square Fish/Farrar, Straus and Giroux,</subfield>
   <subfield code="c">2007.</subfield>
  </datafield>
  <datafield tag="264" ind1=" " ind2="4">
   <subfield code="c">c1978.</subfield>
  </datafield>
  <datafield tag="300" ind1=" " ind2=" ">
   <subfield code="a">278 pages ;</subfield>
   <subfield code="c">22 cm.</subfield>
  </datafield>
  <datafield tag="336" ind1=" " ind2=" ">
   <subfield code="a">text</subfield>
   <subfield code="b">txt</subfield>
   <subfield code="2">rdacontent.</subfield>
  </datafield>
  <datafield tag="337" ind1=" " ind2=" ">
   <subfield code="a">unmediated</subfield>
   <subfield code="b">n</subfield>
   <subfield code="2">rdamedia.</subfield>
  </datafield>
  <datafield tag="338" ind1=" " ind2=" ">
   <subfield code="a">volume</subfield>
   <subfield code="b">nc</subfield>
   <subfield code="2">rdacarrier.</subfield>
  </datafield>
  <datafield tag="490" ind1="1" ind2=" ">
   <subfield code="a">Time quintet.</subfield>
  </datafield>
  <datafield tag="520" ind1=" " ind2=" ">
   <subfield code="a">The youngest of the Murry children must travel through time and space in a battle against an evil dictator who would destroy the entire universe.</subfield>
  </datafield>
  <datafield tag="650" ind1=" " ind2="0">
   <subfield code="a">Murry family (Fictitious characters)</subfield>
   <subfield code="v">Juvenile fiction.</subfield>
  </datafield>
  <datafield tag="650" ind1=" " ind2="0">
   <subfield code="a">Brothers and sisters</subfield>
   <subfield code="v">Juvenile fiction.</subfield>
  </datafield>
  <datafield tag="650" ind1=" " ind2="0">
   <subfield code="a">Time travel</subfield>
   <subfield code="v">Juvenile fiction.</subfield>
  </datafield>
  <datafield tag="650" ind1=" " ind2="0">
   <subfield code="a">Nuclear warfare</subfield>
   <subfield code="v">Juvenile fiction.</subfield>
  </datafield>
  <datafield tag="650" ind1=" " ind2="0">
   <subfield code="a">Space and time</subfield>
   <subfield code="v">Juvenile fiction.</subfield>
  </datafield>
  <datafield tag="650" ind1=" " ind2="0">
   <subfield code="a">Good and evil</subfield>
   <subfield code="v">Juvenile fiction.</subfield>
  </datafield>
  <datafield tag="650" ind1=" " ind2="0">
   <subfield code="a">Murry family (Fictitious characters)</subfield>
   <subfield code="v">Young adult fiction.</subfield>
  </datafield>
  <datafield tag="650" ind1=" " ind2="0">
   <subfield code="a">Brothers and sisters</subfield>
   <subfield code="v">Young adult fiction.</subfield>
  </datafield>
  <datafield tag="650" ind1=" " ind2="0">
   <subfield code="a">Time travel</subfield>
   <subfield code="v">Young adult fiction.</subfield>
  </datafield>
  <datafield tag="650" ind1=" " ind2="0">
   <subfield code="a">Nuclear warfare</subfield>
   <subfield code="v">Young adult fiction.</subfield>
  </datafield>
  <datafield tag="650" ind1=" " ind2="0">
   <subfield code="a">Space and time</subfield>
   <subfield code="v">Young adult fiction.</subfield>
  </datafield>
  <datafield tag="650" ind1=" " ind2="0">
   <subfield code="a">Good and evil</subfield>
   <subfield code="v">Young adult fiction.</subfield>
  </datafield>
  <datafield tag="655" ind1=" " ind2="7">
   <subfield code="a">Science fiction.</subfield>
   <subfield code="2">lcgft.</subfield>
  </datafield>
  <datafield tag="830" ind1=" " ind2="0">
   <subfield code="a">Time quintet ;</subfield>
   <subfield code="v">3.</subfield>
  </datafield>
  <datafield tag="907" ind1=" " ind2=" ">
   <subfield code="a">.b12506503</subfield>
   <subfield code="b">01-17-25</subfield>
   <subfield code="c">06-30-09</subfield>
  </datafield>
  <datafield tag="998" ind1=" " ind2=" ">
   <subfield code="a">m</subfield>
   <subfield code="a">g</subfield>
   <subfield code="a">r</subfield>
   <subfield code="a">s</subfield>
   <subfield code="b">06-30-09</subfield>
   <subfield code="c">m</subfield>
   <subfield code="d">a  </subfield>
   <subfield code="e">-</subfield>
   <subfield code="f">eng</subfield>
   <subfield code="g">nyu</subfield>
   <subfield code="h">2</subfield>
   <subfield code="i">4</subfield>
  </datafield>
  <datafield tag="910" ind1=" " ind2=" ">
   <subfield code="a">RDA ENRICHED</subfield>
  </datafield>
  <datafield tag="910" ind1=" " ind2=" ">
   <subfield code="a">MARS</subfield>
  </datafield>
  <datafield tag="945" ind1=" " ind2=" ">
   <subfield code="a">J L'Engle     </subfield>
   <subfield code="g">1</subfield>
   <subfield code="i">31743309176012</subfield>
   <subfield code="l">mjs  </subfield>
   <subfield code="o">-</subfield>
   <subfield code="p">$15.99</subfield>
   <subfield code="q">-</subfield>
   <subfield code="r">-</subfield>
   <subfield code="s">-  </subfield>
   <subfield code="t">13</subfield>
   <subfield code="u">7</subfield>
   <subfield code="v">2</subfield>
   <subfield code="w">1</subfield>
   <subfield code="x">0</subfield>
   <subfield code="y">.i23103681</subfield>
   <subfield code="z">02-28-20</subfield>
  </datafield>
  <datafield tag="945" ind1=" " ind2=" ">
   <subfield code="a">YA PB L'Engle     </subfield>
   <subfield code="g">1</subfield>
   <subfield code="i">31743304413188</subfield>
   <subfield code="l">gya  </subfield>
   <subfield code="o">-</subfield>
   <subfield code="p">$6.99</subfield>
   <subfield code="q">-</subfield>
   <subfield code="r">-</subfield>
   <subfield code="s">-  </subfield>
   <subfield code="t">23</subfield>
   <subfield code="u">19</subfield>
   <subfield code="v">6</subfield>
   <subfield code="w">1</subfield>
   <subfield code="x">2</subfield>
   <subfield code="y">.i18352406</subfield>
   <subfield code="z">06-30-09</subfield>
  </datafield>
  <datafield tag="945" ind1=" " ind2=" ">
   <subfield code="a">J L'Engle     </subfield>
   <subfield code="g">1</subfield>
   <subfield code="i">31743309176004</subfield>
   <subfield code="l">rjs  </subfield>
   <subfield code="o">-</subfield>
   <subfield code="p">$15.99</subfield>
   <subfield code="q">-</subfield>
   <subfield code="r">-</subfield>
   <subfield code="s">-  </subfield>
   <subfield code="t">13</subfield>
   <subfield code="u">9</subfield>
   <subfield code="v">4</subfield>
   <subfield code="w">1</subfield>
   <subfield code="x">2</subfield>
   <subfield code="y">.i2310367x</subfield>
   <subfield code="z">02-28-20</subfield>
  </datafield>
  <datafield tag="945" ind1=" " ind2=" ">
   <subfield code="a">J L'Engle     </subfield>
   <subfield code="g">1</subfield>
   <subfield code="i">31743311521403</subfield>
   <subfield code="l">sjs  </subfield>
   <subfield code="o">-</subfield>
   <subfield code="p">$7.99</subfield>
   <subfield code="q">-</subfield>
   <subfield code="r">-</subfield>
   <subfield code="s">-  </subfield>
   <subfield code="t">13</subfield>
   <subfield code="u">1</subfield>
   <subfield code="v">1</subfield>
   <subfield code="w">1</subfield>
   <subfield code="x">0</subfield>
   <subfield code="y">.i24929025</subfield>
   <subfield code="z">10-09-24</subfield>
  </datafield>
 </record>