<record>
  <leader>01800pam a2200361 a 4500</leader>
  <controlfield tag="005">20150808051442.0</controlfield>
  <controlfield tag="008">070507r20071962nyua   j      000 1 eng d</controlfield>
  <datafield tag="020" ind1=" " ind2=" ">
   <subfield code="a">9780312367541</subfield>
   <subfield code="q">(pbk.) :</subfield>
   <subfield code="c">$6.99</subfield>
  </datafield>
  <datafield tag="040" ind1=" " ind2=" ">
   <subfield code="a">NjBwBT</subfield>
   <subfield code="c">NjBwBT</subfield>
   <subfield code="d">NjBwBT</subfield>
   <subfield code="d">UtOrBLW</subfield>
  </datafield>
  <datafield tag="049" ind1=" " ind2=" ">
   <subfield code="a">PDV</subfield>
  </datafield>
  <datafield tag="092" ind1=" " ind2=" ">
   <subfield code="a">YA PB</subfield>
   <subfield code="b">L'Engle</subfield>
  </datafield>
  <datafield tag="100" ind1="1" ind2=" ">
   <subfield code="a">L'Engle, Madeleine.</subfield>
  </datafield>
  <datafield tag="245" ind1="1" ind2="2">
   <subfield code="a">A wrinkle in time /</subfield>
   <subfield code="c">Madeleine L'Engle.</subfield>
  </datafield>
  <datafield tag="250" ind1=" " ind2=" ">
   <subfield code="a">1st Square Fish ed.</subfield>
  </datafield>
  <datafield tag="264" ind1=" " ind2="1">
   <subfield code="a">New York :</subfield>
   <subfield code="b">Square Fish/Farrar, Straus and Giroux,</subfield>
   <subfield code="c">2007.</subfield>
  </datafield>
  <datafield tag="264" ind1=" " ind2="4">
   <subfield code="c">c1962.</subfield>
  </datafield>
  <datafield tag="300" ind1=" " ind2=" ">
   <subfield code="a">245 pages :</subfield>
   <subfield code="b">illustrations ;</subfield>
   <subfield code="c">20 cm.</subfield>
  </datafield>
  <datafield tag="336" ind1=" " ind2=" ">
   <subfield code="a">text</subfield>
   <subfield code="b">txt</subfield>
   <subfield code="2">rdacontent.</subfield>
  </datafield>
  <datafield tag="337" ind1=" " ind2=" ">
   <subfield code="a">unmediated</subfield>
   <subfield code="b">n</subfield>
   <subfield code="2">rdamedia.</subfield>
  </datafield>
  <datafield tag="338" ind1=" " ind2=" ">
   <subfield code="a">volume</subfield>
   <subfield code="b">nc</subfield>
   <subfield code="2">rdacarrier.</subfield>
  </datafield>
  <datafield tag="440" ind1=" " ind2="0">
   <subfield code="a">Time quintet ;</subfield>
   <subfield code="v">1.</subfield>
  </datafield>
  <datafield tag="500" ind1=" " ind2=" ">
   <subfield code="a">Originally published: New York : Farrar, Straus and Giroux, c1962.</subfield>
  </datafield>
  <datafield tag="520" ind1=" " ind2=" ">
   <subfield code="a">Meg Murry and her friends become involved with unearthly strangers and a search for Meg's father, who has disappeared while engaged in secret work for the government.</subfield>
  </datafield>
  <datafield tag="650" ind1=" " ind2="0">
   <subfield code="a">Science fiction</subfield>
   <subfield code="v">Juvenile fiction.</subfield>
  </datafield>
  <datafield tag="655" ind1=" " ind2="7">
   <subfield code="a">Science fiction.</subfield>
   <subfield code="2">lcgft.</subfield>
  </datafield>
  <datafield tag="907" ind1=" " ind2=" ">
   <subfield code="a">.b12506515</subfield>
   <subfield code="b">01-07-25</subfield>
   <subfield code="c">06-30-09</subfield>
  </datafield>
  <datafield tag="998" ind1=" " ind2=" ">
   <subfield code="a">c</subfield>
   <subfield code="a">g</subfield>
   <subfield code="a">(2)r</subfield>
   <subfield code="b">06-30-09</subfield>
   <subfield code="c">m</subfield>
   <subfield code="d">a  </subfield>
   <subfield code="e">-</subfield>
   <subfield code="f">eng</subfield>
   <subfield code="g">nyu</subfield>
   <subfield code="h">2</subfield>
   <subfield code="i">9</subfield>
  </datafield>
  <datafield tag="910" ind1=" " ind2=" ">
   <subfield code="a">RDA ENRICHED</subfield>
  </datafield>
  <datafield tag="910" ind1=" " ind2=" ">
   <subfield code="a">MARS</subfield>
  </datafield>
  <datafield tag="945" ind1=" " ind2=" ">
   <subfield code="a">YA PB L'Engle   </subfield>
   <subfield code="g">1</subfield>
   <subfield code="i">31743305657411</subfield>
   <subfield code="l">ctwxt</subfield>
   <subfield code="o">-</subfield>
   <subfield code="p">$6.99</subfield>
   <subfield code="q">-</subfield>
   <subfield code="r">-</subfield>
   <subfield code="s">-  </subfield>
   <subfield code="t">23</subfield>
   <subfield code="u">42</subfield>
   <subfield code="v">24</subfield>
   <subfield code="w">3</subfield>
   <subfield code="x">2</subfield>
   <subfield code="y">.i2091894x</subfield>
   <subfield code="z">06-18-15</subfield>
  </datafield>
  <datafield tag="945" ind1=" " ind2=" ">
   <subfield code="a">YA PB L'Engle     </subfield>
   <subfield code="g">1</subfield>
   <subfield code="i">31743308118007</subfield>
   <subfield code="l">gya  </subfield>
   <subfield code="o">-</subfield>
   <subfield code="p">$6.99</subfield>
   <subfield code="q">-</subfield>
   <subfield code="r">-</subfield>
   <subfield code="s">-  </subfield>
   <subfield code="t">23</subfield>
   <subfield code="u">24</subfield>
   <subfield code="v">10</subfield>
   <subfield code="w">2</subfield>
   <subfield code="x">3</subfield>
   <subfield code="y">.i2193051x</subfield>
   <subfield code="z">08-15-17</subfield>
  </datafield>
  <datafield tag="945" ind1=" " ind2=" ">
   <subfield code="a">YA PB L'Engle     </subfield>
   <subfield code="g">1</subfield>
   <subfield code="i">31743307626596</subfield>
   <subfield code="l">rya  </subfield>
   <subfield code="n">Mon Jun 10 2024: Bill $11.99, damaged by .p12795690</subfield>
   <subfield code="n">Mon Jun 10 2024: Paid $11.99 and damaged by .p1279569</subfield>
   <subfield code="o">-</subfield>
   <subfield code="p">$6.99</subfield>
   <subfield code="q">-</subfield>
   <subfield code="r">-</subfield>
   <subfield code="s">d  </subfield>
   <subfield code="t">23</subfield>
   <subfield code="u">37</subfield>
   <subfield code="v">31</subfield>
   <subfield code="w">0</subfield>
   <subfield code="x">5</subfield>
   <subfield code="y">.i21509876</subfield>
   <subfield code="z">08-31-16</subfield>
  </datafield>
  <datafield tag="945" ind1=" " ind2=" ">
   <subfield code="a">YA PB L'Engle     </subfield>
   <subfield code="g">1</subfield>
   <subfield code="i">31743305490938</subfield>
   <subfield code="l">rya  </subfield>
   <subfield code="o">-</subfield>
   <subfield code="p">$6.99</subfield>
   <subfield code="q">-</subfield>
   <subfield code="r">-</subfield>
   <subfield code="s">-  </subfield>
   <subfield code="t">23</subfield>
   <subfield code="u">26</subfield>
   <subfield code="v">17</subfield>
   <subfield code="w">2</subfield>
   <subfield code="x">4</subfield>
   <subfield code="y">.i22114798</subfield>
   <subfield code="z">01-22-18</subfield>
  </datafield>
 </record>