<record>
  <leader>01831nam a2200409 a 4500</leader>
  <controlfield tag="005">20150808051442.0</controlfield>
  <controlfield tag="008">070525r20071973nyua   j      000 1 eng d</controlfield>
  <datafield tag="010" ind1=" " ind2=" ">
   <subfield code="a">bl2007011119</subfield>
  </datafield>
  <datafield tag="020" ind1=" " ind2=" ">
   <subfield code="a">9780312368548 (pbk.) :</subfield>
   <subfield code="c">$6.99</subfield>
  </datafield>
  <datafield tag="020" ind1=" " ind2=" ">
   <subfield code="a">9781439518168 (Paw Prints) :</subfield>
   <subfield code="c">$9.43</subfield>
  </datafield>
  <datafield tag="040" ind1=" " ind2=" ">
   <subfield code="a">NjBwBT</subfield>
   <subfield code="c">NjBwBT</subfield>
   <subfield code="d">UtOrBLW</subfield>
  </datafield>
  <datafield tag="049" ind1=" " ind2=" ">
   <subfield code="a">PDV</subfield>
  </datafield>
  <datafield tag="092" ind1=" " ind2=" ">
   <subfield code="a">YA PB</subfield>
   <subfield code="b">L'Engle</subfield>
  </datafield>
  <datafield tag="100" ind1="1" ind2=" ">
   <subfield code="a">L'Engle, Madeleine.</subfield>
  </datafield>
  <datafield tag="245" ind1="1" ind2="2">
   <subfield code="a">A wind in the door /</subfield>
   <subfield code="c">Madeleine L'Engle.</subfield>
  </datafield>
  <datafield tag="250" ind1=" " ind2=" ">
   <subfield code="a">1st Square Fish ed.</subfield>
  </datafield>
  <datafield tag="264" ind1=" " ind2="1">
   <subfield code="a">New York :</subfield>
   <subfield code="b">Square Fish/Farrar, Straus, and Giroux,</subfield>
   <subfield code="c">2007.</subfield>
  </datafield>
  <datafield tag="264" ind1=" " ind2="4">
   <subfield code="c">c1973.</subfield>
  </datafield>
  <datafield tag="300" ind1=" " ind2=" ">
   <subfield code="a">245 pages :</subfield>
   <subfield code="b">illustrations ;</subfield>
   <subfield code="c">20 cm.</subfield>
  </datafield>
  <datafield tag="336" ind1=" " ind2=" ">
   <subfield code="a">text</subfield>
   <subfield code="b">txt</subfield>
   <subfield code="2">rdacontent.</subfield>
  </datafield>
  <datafield tag="337" ind1=" " ind2=" ">
   <subfield code="a">unmediated</subfield>
   <subfield code="b">n</subfield>
   <subfield code="2">rdamedia.</subfield>
  </datafield>
  <datafield tag="338" ind1=" " ind2=" ">
   <subfield code="a">volume</subfield>
   <subfield code="b">nc</subfield>
   <subfield code="2">rdacarrier.</subfield>
  </datafield>
  <datafield tag="440" ind1=" " ind2="0">
   <subfield code="a">Time quintet ;</subfield>
   <subfield code="v">2.</subfield>
  </datafield>
  <datafield tag="500" ind1=" " ind2=" ">
   <subfield code="a">Originally published: New York : Farrar, Straus, and Giroux, 1973.</subfield>
  </datafield>
  <datafield tag="520" ind1=" " ind2=" ">
   <subfield code="a">An extremely intelligent six-year-old boy begins an adventure when he discovers dragons in the garden.</subfield>
  </datafield>
  <datafield tag="526" ind1=" " ind2=" ">
   <subfield code="a">Accelerated Reader AR</subfield>
   <subfield code="b">MG</subfield>
   <subfield code="c">5.0</subfield>
   <subfield code="d">7.0</subfield>
   <subfield code="z">5098.</subfield>
  </datafield>
  <datafield tag="650" ind1=" " ind2="0">
   <subfield code="a">Dragons</subfield>
   <subfield code="v">Young adult fiction.</subfield>
  </datafield>
  <datafield tag="650" ind1=" " ind2="0">
   <subfield code="a">Science fiction</subfield>
   <subfield code="v">Young adult fiction.</subfield>
  </datafield>
  <datafield tag="650" ind1=" " ind2="0">
   <subfield code="a">Dragons</subfield>
   <subfield code="v">Juvenile fiction.</subfield>
  </datafield>
  <datafield tag="650" ind1=" " ind2="0">
   <subfield code="a">Science fiction</subfield>
   <subfield code="v">Juvenile fiction.</subfield>
  </datafield>
  <datafield tag="907" ind1=" " ind2=" ">
   <subfield code="a">.b12506539</subfield>
   <subfield code="b">02-20-25</subfield>
   <subfield code="c">06-30-09</subfield>
  </datafield>
  <datafield tag="998" ind1=" " ind2=" ">
   <subfield code="a">g</subfield>
   <subfield code="a">r</subfield>
   <subfield code="b">06-30-09</subfield>
   <subfield code="c">m</subfield>
   <subfield code="d">a  </subfield>
   <subfield code="e">-</subfield>
   <subfield code="f">eng</subfield>
   <subfield code="g">nyu</subfield>
   <subfield code="h">2</subfield>
   <subfield code="i">0</subfield>
  </datafield>
  <datafield tag="910" ind1=" " ind2=" ">
   <subfield code="a">RDA ENRICHED</subfield>
  </datafield>
  <datafield tag="910" ind1=" " ind2=" ">
   <subfield code="a">MARS</subfield>
  </datafield>
  <datafield tag="945" ind1=" " ind2=" ">
   <subfield code="a">YA PB L'Engle     </subfield>
   <subfield code="g">1</subfield>
   <subfield code="i">31743304280918</subfield>
   <subfield code="l">gya  </subfield>
   <subfield code="o">-</subfield>
   <subfield code="p">$6.99</subfield>
   <subfield code="q">-</subfield>
   <subfield code="r">-</subfield>
   <subfield code="s">5  </subfield>
   <subfield code="t">23</subfield>
   <subfield code="u">39</subfield>
   <subfield code="v">21</subfield>
   <subfield code="w">1</subfield>
   <subfield code="x">3</subfield>
   <subfield code="y">.i18353319</subfield>
   <subfield code="z">07-01-09</subfield>
  </datafield>
  <datafield tag="945" ind1=" " ind2=" ">
   <subfield code="a">J L'Engle     </subfield>
   <subfield code="g">1</subfield>
   <subfield code="i">31743307326288</subfield>
   <subfield code="l">rjs  </subfield>
   <subfield code="o">-</subfield>
   <subfield code="p">$9.43</subfield>
   <subfield code="q">-</subfield>
   <subfield code="r">-</subfield>
   <subfield code="s">-  </subfield>
   <subfield code="t">13</subfield>
   <subfield code="u">52</subfield>
   <subfield code="v">31</subfield>
   <subfield code="w">3</subfield>
   <subfield code="x">9</subfield>
   <subfield code="y">.i21205358</subfield>
   <subfield code="z">01-29-16</subfield>
  </datafield>
  <datafield tag="945" ind1=" " ind2=" ">
   <subfield code="a">J L'Engle     </subfield>
   <subfield code="g">1</subfield>
   <subfield code="i">31743308140266</subfield>
   <subfield code="l">rjs  </subfield>
   <subfield code="n">Tue Feb 07 2023: Bill $14.43, lost by .p12480721</subfield>
   <subfield code="n">Tue Feb 07 2023: Paid $14.43 and lost by p12480721</subfield>
   <subfield code="o">n</subfield>
   <subfield code="p">$9.43</subfield>
   <subfield code="q">-</subfield>
   <subfield code="r">-</subfield>
   <subfield code="s">$  </subfield>
   <subfield code="t">13</subfield>
   <subfield code="u">26</subfield>
   <subfield code="v">21</subfield>
   <subfield code="w">0</subfield>
   <subfield code="x">0</subfield>
   <subfield code="y">.i22052744</subfield>
   <subfield code="z">11-20-17</subfield>
  </datafield>
 </record>