<record>
  <leader>01473nam a2200373 a 4500</leader>
  <controlfield tag="005">20150808051442.0</controlfield>
  <controlfield tag="008">081203r20071986nyu    j      000 1 eng  </controlfield>
  <datafield tag="010" ind1=" " ind2=" ">
   <subfield code="a">2008277721</subfield>
  </datafield>
  <datafield tag="020" ind1=" " ind2=" ">
   <subfield code="a">9780312368579 (pbk.)</subfield>
  </datafield>
  <datafield tag="020" ind1=" " ind2=" ">
   <subfield code="a">0312368577 (pbk.)</subfield>
  </datafield>
  <datafield tag="040" ind1=" " ind2=" ">
   <subfield code="a">DLC</subfield>
   <subfield code="c">DLC</subfield>
   <subfield code="d">UtOrBLW</subfield>
  </datafield>
  <datafield tag="049" ind1=" " ind2=" ">
   <subfield code="a">PDV</subfield>
  </datafield>
  <datafield tag="092" ind1=" " ind2=" ">
   <subfield code="a">YA PB</subfield>
   <subfield code="b">L'Engle</subfield>
  </datafield>
  <datafield tag="100" ind1="1" ind2=" ">
   <subfield code="a">L'Engle, Madeleine.</subfield>
  </datafield>
  <datafield tag="245" ind1="1" ind2="0">
   <subfield code="a">Many waters /</subfield>
   <subfield code="c">Madeleine L'Engle.</subfield>
  </datafield>
  <datafield tag="250" ind1=" " ind2=" ">
   <subfield code="a">1st Square Fish ed.</subfield>
  </datafield>
  <datafield tag="264" ind1=" " ind2="1">
   <subfield code="a">New York :</subfield>
   <subfield code="b">Square Fish,</subfield>
   <subfield code="c">2007.</subfield>
  </datafield>
  <datafield tag="300" ind1=" " ind2=" ">
   <subfield code="a">357 pages ;</subfield>
   <subfield code="c">20 cm.</subfield>
  </datafield>
  <datafield tag="336" ind1=" " ind2=" ">
   <subfield code="a">text</subfield>
   <subfield code="b">txt</subfield>
   <subfield code="2">rdacontent.</subfield>
  </datafield>
  <datafield tag="337" ind1=" " ind2=" ">
   <subfield code="a">unmediated</subfield>
   <subfield code="b">n</subfield>
   <subfield code="2">rdamedia.</subfield>
  </datafield>
  <datafield tag="338" ind1=" " ind2=" ">
   <subfield code="a">volume</subfield>
   <subfield code="b">nc</subfield>
   <subfield code="2">rdacarrier.</subfield>
  </datafield>
  <datafield tag="440" ind1=" " ind2="0">
   <subfield code="a">Time quintet ;</subfield>
   <subfield code="v">4.</subfield>
  </datafield>
  <datafield tag="500" ind1=" " ind2=" ">
   <subfield code="a">"Farrar, Straus, Giroux."</subfield>
  </datafield>
  <datafield tag="520" ind1=" " ind2=" ">
   <subfield code="a">The fifteen-year-old Murry twins, Sandy and Dennys, are accidentally sent back to a strange Biblical time period, in which mythical beasts roam the desert and a man named Noah is building a boat in preparation for a great flood.</subfield>
  </datafield>
  <datafield tag="600" ind1="0" ind2="0">
   <subfield code="a">Noah</subfield>
   <subfield code="c">(Biblical figure)</subfield>
   <subfield code="v">Young adult fiction.</subfield>
  </datafield>
  <datafield tag="650" ind1=" " ind2="0">
   <subfield code="a">Noah's ark.</subfield>
   <subfield code="v">Young adult fiction.</subfield>
  </datafield>
  <datafield tag="650" ind1=" " ind2="0">
   <subfield code="a">Twins</subfield>
   <subfield code="v">Young adult fiction.</subfield>
  </datafield>
  <datafield tag="650" ind1=" " ind2="0">
   <subfield code="a">Time travel</subfield>
   <subfield code="v">Young adult fiction.</subfield>
  </datafield>
  <datafield tag="650" ind1=" " ind2="0">
   <subfield code="a">Science fiction</subfield>
   <subfield code="v">Young adult fiction.</subfield>
  </datafield>
  <datafield tag="907" ind1=" " ind2=" ">
   <subfield code="a">.b12506540</subfield>
   <subfield code="b">12-03-24</subfield>
   <subfield code="c">06-30-09</subfield>
  </datafield>
  <datafield tag="998" ind1=" " ind2=" ">
   <subfield code="a">g</subfield>
   <subfield code="b">06-30-09</subfield>
   <subfield code="c">m</subfield>
   <subfield code="d">a  </subfield>
   <subfield code="e">-</subfield>
   <subfield code="f">eng</subfield>
   <subfield code="g">nyu</subfield>
   <subfield code="h">0</subfield>
   <subfield code="i">0</subfield>
  </datafield>
  <datafield tag="910" ind1=" " ind2=" ">
   <subfield code="a">RDA ENRICHED</subfield>
  </datafield>
  <datafield tag="910" ind1=" " ind2=" ">
   <subfield code="a">MARS</subfield>
  </datafield>
  <datafield tag="945" ind1=" " ind2=" ">
   <subfield code="a">YA PB L'Engle     </subfield>
   <subfield code="g">1</subfield>
   <subfield code="i">31743304280892</subfield>
   <subfield code="l">gya  </subfield>
   <subfield code="o">-</subfield>
   <subfield code="p">$6.99</subfield>
   <subfield code="q">-</subfield>
   <subfield code="r">-</subfield>
   <subfield code="s">!  </subfield>
   <subfield code="t">23</subfield>
   <subfield code="u">31</subfield>
   <subfield code="v">14</subfield>
   <subfield code="w">0</subfield>
   <subfield code="x">4</subfield>
   <subfield code="y">.i18353332</subfield>
   <subfield code="z">07-01-09</subfield>
  </datafield>
 </record>