<record>
  <leader>01901nam a2200397 a 4500</leader>
  <controlfield tag="005">20150808051442.0</controlfield>
  <controlfield tag="008">080403r20071989nyua   j      000 1 eng d</controlfield>
  <datafield tag="010" ind1=" " ind2=" ">
   <subfield code="a">bl2008008540</subfield>
  </datafield>
  <datafield tag="020" ind1=" " ind2=" ">
   <subfield code="a">9780312368586 (pbk.)</subfield>
  </datafield>
  <datafield tag="020" ind1=" " ind2=" ">
   <subfield code="a">0312368585 (pbk.) :</subfield>
   <subfield code="c">$6.99</subfield>
  </datafield>
  <datafield tag="040" ind1=" " ind2=" ">
   <subfield code="a">NjBwBT</subfield>
   <subfield code="c">NjBwBT</subfield>
   <subfield code="d">UtOrBLW</subfield>
  </datafield>
  <datafield tag="049" ind1=" " ind2=" ">
   <subfield code="a">PDV</subfield>
  </datafield>
  <datafield tag="092" ind1=" " ind2=" ">
   <subfield code="a">YA PB</subfield>
   <subfield code="b">L'Engle</subfield>
  </datafield>
  <datafield tag="100" ind1="1" ind2=" ">
   <subfield code="a">L'Engle, Madeleine.</subfield>
  </datafield>
  <datafield tag="245" ind1="1" ind2="3">
   <subfield code="a">An acceptable time /</subfield>
   <subfield code="c">Madeleine L'Engle.</subfield>
  </datafield>
  <datafield tag="250" ind1=" " ind2=" ">
   <subfield code="a">1st Square Fish ed.</subfield>
  </datafield>
  <datafield tag="264" ind1=" " ind2="1">
   <subfield code="a">New York :</subfield>
   <subfield code="b">Square Fish,</subfield>
   <subfield code="c">2007.</subfield>
  </datafield>
  <datafield tag="264" ind1=" " ind2="4">
   <subfield code="c">c1989.</subfield>
  </datafield>
  <datafield tag="300" ind1=" " ind2=" ">
   <subfield code="a">373 pages :</subfield>
   <subfield code="b">illustrations ;</subfield>
   <subfield code="c">20 cm.</subfield>
  </datafield>
  <datafield tag="336" ind1=" " ind2=" ">
   <subfield code="a">text</subfield>
   <subfield code="b">txt</subfield>
   <subfield code="2">rdacontent.</subfield>
  </datafield>
  <datafield tag="337" ind1=" " ind2=" ">
   <subfield code="a">unmediated</subfield>
   <subfield code="b">n</subfield>
   <subfield code="2">rdamedia.</subfield>
  </datafield>
  <datafield tag="338" ind1=" " ind2=" ">
   <subfield code="a">volume</subfield>
   <subfield code="b">nc</subfield>
   <subfield code="2">rdacarrier.</subfield>
  </datafield>
  <datafield tag="440" ind1=" " ind2="0">
   <subfield code="a">Time quintet ;</subfield>
   <subfield code="v">5.</subfield>
  </datafield>
  <datafield tag="500" ind1=" " ind2=" ">
   <subfield code="a">Originally published: New York : Farrar Straus Giroux, 1989.</subfield>
  </datafield>
  <datafield tag="520" ind1=" " ind2=" ">
   <subfield code="a">Polly's visit to her grandparents in Connecticut becomes an extraordinary experience as she encounters old friends and mysterious stangers and finds herself traveling back in time to play a crucial role in a prehistoric confrontation.</subfield>
  </datafield>
  <datafield tag="520" ind1=" " ind2=" ">
   <subfield code="a">A quiet visit with her grandparents turns into a lesson in the fluidity of time for Polly O'Keefe when she meets several strangers from overlapping temporal planes and, with them, plays a key role in a prehistoric confrontation.</subfield>
  </datafield>
  <datafield tag="650" ind1=" " ind2="0">
   <subfield code="a">Space and time</subfield>
   <subfield code="v">Young adult fiction.</subfield>
  </datafield>
  <datafield tag="650" ind1=" " ind2="0">
   <subfield code="a">Time travel</subfield>
   <subfield code="v">Young adult fiction.</subfield>
  </datafield>
  <datafield tag="650" ind1=" " ind2="0">
   <subfield code="a">Druids and druidism</subfield>
   <subfield code="v">Young adult fiction.</subfield>
  </datafield>
  <datafield tag="650" ind1=" " ind2="0">
   <subfield code="a">Science fiction</subfield>
   <subfield code="v">Young adult fiction.</subfield>
  </datafield>
  <datafield tag="907" ind1=" " ind2=" ">
   <subfield code="a">.b12506552</subfield>
   <subfield code="b">01-18-25</subfield>
   <subfield code="c">06-30-09</subfield>
  </datafield>
  <datafield tag="998" ind1=" " ind2=" ">
   <subfield code="a">g</subfield>
   <subfield code="a">r</subfield>
   <subfield code="b">06-30-09</subfield>
   <subfield code="c">m</subfield>
   <subfield code="d">a  </subfield>
   <subfield code="e">-</subfield>
   <subfield code="f">eng</subfield>
   <subfield code="g">nyu</subfield>
   <subfield code="h">3</subfield>
   <subfield code="i">0</subfield>
  </datafield>
  <datafield tag="910" ind1=" " ind2=" ">
   <subfield code="a">RDA ENRICHED</subfield>
  </datafield>
  <datafield tag="910" ind1=" " ind2=" ">
   <subfield code="a">MARS</subfield>
  </datafield>
  <datafield tag="945" ind1=" " ind2=" ">
   <subfield code="a">YA PB L'Engle     </subfield>
   <subfield code="g">1</subfield>
   <subfield code="i">31743304280900</subfield>
   <subfield code="l">gya  </subfield>
   <subfield code="o">n</subfield>
   <subfield code="p">$6.99</subfield>
   <subfield code="q">-</subfield>
   <subfield code="r">-</subfield>
   <subfield code="s">n  </subfield>
   <subfield code="t">23</subfield>
   <subfield code="u">23</subfield>
   <subfield code="v">9</subfield>
   <subfield code="w">0</subfield>
   <subfield code="x">0</subfield>
   <subfield code="y">.i18353320</subfield>
   <subfield code="z">07-01-09</subfield>
  </datafield>
  <datafield tag="945" ind1=" " ind2=" ">
   <subfield code="a">YA PB L'Engle     </subfield>
   <subfield code="g">1</subfield>
   <subfield code="i">31743310440860</subfield>
   <subfield code="l">rya  </subfield>
   <subfield code="o">-</subfield>
   <subfield code="p">$7.99</subfield>
   <subfield code="q">-</subfield>
   <subfield code="r">-</subfield>
   <subfield code="s">-  </subfield>
   <subfield code="t">23</subfield>
   <subfield code="u">10</subfield>
   <subfield code="v">6</subfield>
   <subfield code="w">3</subfield>
   <subfield code="x">3</subfield>
   <subfield code="y">.i23915638</subfield>
   <subfield code="z">03-25-22</subfield>
  </datafield>
 </record>