<record>
  <leader>01531pam a2200373 a 4500</leader>
  <controlfield tag="005">20150808051443.0</controlfield>
  <controlfield tag="008">931021s1994    ilua   j      000 1 eng  </controlfield>
  <datafield tag="010" ind1=" " ind2=" ">
   <subfield code="a">93040890</subfield>
  </datafield>
  <datafield tag="020" ind1=" " ind2=" ">
   <subfield code="a">0807554103</subfield>
  </datafield>
  <datafield tag="020" ind1=" " ind2=" ">
   <subfield code="a">080755409X (hardbound)</subfield>
  </datafield>
  <datafield tag="020" ind1=" " ind2=" ">
   <subfield code="a">0785740171 :</subfield>
   <subfield code="c">$14.00</subfield>
  </datafield>
  <datafield tag="040" ind1=" " ind2=" ">
   <subfield code="a">DLC</subfield>
   <subfield code="c">DLC</subfield>
   <subfield code="d">OCoLC</subfield>
   <subfield code="d">DLC</subfield>
   <subfield code="d">JCPL</subfield>
   <subfield code="d">UtOrBLW</subfield>
  </datafield>
  <datafield tag="049" ind1=" " ind2=" ">
   <subfield code="a">PDV</subfield>
  </datafield>
  <datafield tag="092" ind1=" " ind2=" ">
   <subfield code="a">J</subfield>
   <subfield code="b">Warner</subfield>
  </datafield>
  <datafield tag="100" ind1="1" ind2=" ">
   <subfield code="a">Warner, Gertrude Chandler,</subfield>
   <subfield code="d">1890-1979.</subfield>
  </datafield>
  <datafield tag="245" ind1="1" ind2="4">
   <subfield code="a">The mystery in Washington, D.C. /</subfield>
   <subfield code="c">created by Gertrude Chandler Warner ; illustrated by Charles Tang.</subfield>
  </datafield>
  <datafield tag="264" ind1=" " ind2="1">
   <subfield code="a">Morton Grove, Ill. :</subfield>
   <subfield code="b">A. Whitman,</subfield>
   <subfield code="c">1994.</subfield>
  </datafield>
  <datafield tag="300" ind1=" " ind2=" ">
   <subfield code="a">110 pages :</subfield>
   <subfield code="b">illustrations ;</subfield>
   <subfield code="c">19 cm.</subfield>
  </datafield>
  <datafield tag="336" ind1=" " ind2=" ">
   <subfield code="a">text</subfield>
   <subfield code="b">txt</subfield>
   <subfield code="2">rdacontent.</subfield>
  </datafield>
  <datafield tag="337" ind1=" " ind2=" ">
   <subfield code="a">unmediated</subfield>
   <subfield code="b">n</subfield>
   <subfield code="2">rdamedia.</subfield>
  </datafield>
  <datafield tag="338" ind1=" " ind2=" ">
   <subfield code="a">volume</subfield>
   <subfield code="b">nc</subfield>
   <subfield code="2">rdacarrier.</subfield>
  </datafield>
  <datafield tag="440" ind1=" " ind2="4">
   <subfield code="a">The Boxcar children special ;</subfield>
   <subfield code="v">2.</subfield>
  </datafield>
  <datafield tag="520" ind1=" " ind2=" ">
   <subfield code="a">The Alden children suspect that the other guests are somehow involved when things begin to disappear at the bed and breakfast where they are staying in Washington, D.C.</subfield>
  </datafield>
  <datafield tag="500" ind1=" " ind2=" ">
   <subfield code="a">"Spring special"</subfield>
  </datafield>
  <datafield tag="650" ind1=" " ind2="0">
   <subfield code="a">Boxcar children (Fictitious characters)</subfield>
   <subfield code="v">Juvenile fiction.</subfield>
  </datafield>
  <datafield tag="650" ind1=" " ind2="0">
   <subfield code="a">Orphans</subfield>
   <subfield code="v">Juvenile fiction.</subfield>
  </datafield>
  <datafield tag="650" ind1=" " ind2="0">
   <subfield code="a">Families</subfield>
   <subfield code="v">Juvenile fiction.</subfield>
  </datafield>
  <datafield tag="651" ind1=" " ind2="0">
   <subfield code="a">Washington (D.C.)</subfield>
   <subfield code="v">Juvenile fiction.</subfield>
  </datafield>
  <datafield tag="700" ind1="1" ind2=" ">
   <subfield code="a">Tang, Charles,</subfield>
   <subfield code="e">illustrator.</subfield>
  </datafield>
  <datafield tag="907" ind1=" " ind2=" ">
   <subfield code="a">.b12506850</subfield>
   <subfield code="b">07-31-24</subfield>
   <subfield code="c">07-02-09</subfield>
  </datafield>
  <datafield tag="998" ind1=" " ind2=" ">
   <subfield code="a">a</subfield>
   <subfield code="b">08-14-09</subfield>
   <subfield code="c">m</subfield>
   <subfield code="d">a  </subfield>
   <subfield code="e">-</subfield>
   <subfield code="f">eng</subfield>
   <subfield code="g">ilu</subfield>
   <subfield code="h">4</subfield>
   <subfield code="i">3</subfield>
  </datafield>
  <datafield tag="910" ind1=" " ind2=" ">
   <subfield code="a">RDA ENRICHED</subfield>
  </datafield>
  <datafield tag="910" ind1=" " ind2=" ">
   <subfield code="a">MARS</subfield>
  </datafield>
  <datafield tag="945" ind1=" " ind2=" ">
   <subfield code="a">J Warner </subfield>
   <subfield code="g">1</subfield>
   <subfield code="i">31743304350430</subfield>
   <subfield code="l">asr  </subfield>
   <subfield code="o">-</subfield>
   <subfield code="p">$14.00</subfield>
   <subfield code="q">-</subfield>
   <subfield code="r">-</subfield>
   <subfield code="s">-  </subfield>
   <subfield code="t">13</subfield>
   <subfield code="u">66</subfield>
   <subfield code="v">31</subfield>
   <subfield code="w">1</subfield>
   <subfield code="x">6</subfield>
   <subfield code="y">.i18404959</subfield>
   <subfield code="z">08-17-09</subfield>
  </datafield>
 </record>