<record>
  <leader>02158cam a2200373 a 4500</leader>
  <controlfield tag="005">20150808051443.0</controlfield>
  <controlfield tag="008">060607s2007    mdua          001 0 eng  </controlfield>
  <datafield tag="010" ind1=" " ind2=" ">
   <subfield code="a">2006018814</subfield>
  </datafield>
  <datafield tag="020" ind1=" " ind2=" ">
   <subfield code="a">0801885450 (hardcover : alk. paper)</subfield>
  </datafield>
  <datafield tag="020" ind1=" " ind2=" ">
   <subfield code="a">9780801885457 (hardcover : alk. paper)</subfield>
  </datafield>
  <datafield tag="020" ind1=" " ind2=" ">
   <subfield code="a">0801885469 (pbk. : alk. paper)</subfield>
  </datafield>
  <datafield tag="020" ind1=" " ind2=" ">
   <subfield code="a">9780801885464 (pbk.) :</subfield>
   <subfield code="c">$17.95</subfield>
  </datafield>
  <datafield tag="040" ind1=" " ind2=" ">
   <subfield code="a">DLC</subfield>
   <subfield code="c">DLC</subfield>
   <subfield code="d">BAKER</subfield>
   <subfield code="d">BTCTA</subfield>
   <subfield code="d">C#P</subfield>
   <subfield code="d">YDX</subfield>
   <subfield code="d">YDXCP</subfield>
   <subfield code="d">UKM</subfield>
   <subfield code="d">COX</subfield>
   <subfield code="d">UtOrBLW</subfield>
  </datafield>
  <datafield tag="049" ind1=" " ind2=" ">
   <subfield code="a">PDV</subfield>
  </datafield>
  <datafield tag="092" ind1=" " ind2=" ">
   <subfield code="a">616.833</subfield>
   <subfield code="b">Weiner</subfield>
  </datafield>
  <datafield tag="100" ind1="1" ind2=" ">
   <subfield code="a">Weiner, William J.</subfield>
  </datafield>
  <datafield tag="245" ind1="1" ind2="0">
   <subfield code="a">Parkinson's disease :</subfield>
   <subfield code="b">a complete guide for patients and families /</subfield>
   <subfield code="c">William J. Weiner, Lisa M. Shulman, Anthony E. Lang.</subfield>
  </datafield>
  <datafield tag="250" ind1=" " ind2=" ">
   <subfield code="a">2nd ed.</subfield>
  </datafield>
  <datafield tag="264" ind1=" " ind2="1">
   <subfield code="a">Baltimore :</subfield>
   <subfield code="b">Johns Hopkins University Press,</subfield>
   <subfield code="c">2007.</subfield>
  </datafield>
  <datafield tag="300" ind1=" " ind2=" ">
   <subfield code="a">xi, 278 pages :</subfield>
   <subfield code="b">illustrations ;</subfield>
   <subfield code="c">23 cm.</subfield>
  </datafield>
  <datafield tag="336" ind1=" " ind2=" ">
   <subfield code="a">text</subfield>
   <subfield code="b">txt</subfield>
   <subfield code="2">rdacontent</subfield>
  </datafield>
  <datafield tag="337" ind1=" " ind2=" ">
   <subfield code="a">unmediated</subfield>
   <subfield code="b">n</subfield>
   <subfield code="2">rdamedia</subfield>
  </datafield>
  <datafield tag="338" ind1=" " ind2=" ">
   <subfield code="a">volume</subfield>
   <subfield code="b">nc</subfield>
   <subfield code="2">rdacarrier</subfield>
  </datafield>
  <datafield tag="440" ind1=" " ind2="2">
   <subfield code="a">A Johns Hopkins Press health book</subfield>
  </datafield>
  <datafield tag="500" ind1=" " ind2=" ">
   <subfield code="a">Includes index.</subfield>
  </datafield>
  <datafield tag="505" ind1="0" ind2=" ">
   <subfield code="a">Introduction -- What is Parkinson's disease? -- Who gets Parkinson's disease? -- Signs and symptoms of Parkinson's disease -- Early symptoms -- Moderate Parkinson's disease -- Advanced Parkinson's disease -- Behavioral challenges and psychiatric symptoms -- Young-onset Parkinson's disease -- Diagnosing Parkinson's disease -- How a diagnosis is made -- Types of Parkinsonism -- Diagnosing other neurologic problems -- Treatment of Parkinson's disease -- How the brain works and how treatment works -- Choosing the correct medications -- Drug therapies -- Diet, exercise, and complemetary and alternative therapies -- Surgical treatments -- Other issues -- Illness, hospitalization, and Parkinson's disease -- Parkinson's disease research -- Questions and answers.</subfield>
  </datafield>
  <datafield tag="650" ind1=" " ind2="0">
   <subfield code="a">Parkinson's disease</subfield>
   <subfield code="v">Popular works.</subfield>
  </datafield>
  <datafield tag="700" ind1="1" ind2=" ">
   <subfield code="a">Shulman, Lisa M.</subfield>
  </datafield>
  <datafield tag="700" ind1="1" ind2=" ">
   <subfield code="a">Lang, Anthony E.</subfield>
  </datafield>
  <datafield tag="907" ind1=" " ind2=" ">
   <subfield code="a">.b12506886</subfield>
   <subfield code="b">05-25-24</subfield>
   <subfield code="c">07-02-09</subfield>
  </datafield>
  <datafield tag="998" ind1=" " ind2=" ">
   <subfield code="a">r</subfield>
   <subfield code="b">07-13-09</subfield>
   <subfield code="c">m</subfield>
   <subfield code="d">a  </subfield>
   <subfield code="e">-</subfield>
   <subfield code="f">eng</subfield>
   <subfield code="g">mdu</subfield>
   <subfield code="h">0</subfield>
   <subfield code="i">4</subfield>
  </datafield>
  <datafield tag="910" ind1=" " ind2=" ">
   <subfield code="a">RDA ENRICHED</subfield>
  </datafield>
  <datafield tag="910" ind1=" " ind2=" ">
   <subfield code="a">MARS</subfield>
  </datafield>
  <datafield tag="945" ind1=" " ind2=" ">
   <subfield code="a">616.833 Weiner     </subfield>
   <subfield code="g">1</subfield>
   <subfield code="i">31743304282286</subfield>
   <subfield code="l">rms  </subfield>
   <subfield code="o">-</subfield>
   <subfield code="p">$17.95</subfield>
   <subfield code="q">-</subfield>
   <subfield code="r">-</subfield>
   <subfield code="s">-  </subfield>
   <subfield code="t">2</subfield>
   <subfield code="u">21</subfield>
   <subfield code="v">23</subfield>
   <subfield code="w">1</subfield>
   <subfield code="x">2</subfield>
   <subfield code="y">.i18360531</subfield>
   <subfield code="z">07-14-09</subfield>
  </datafield>
 </record>