<record>
  <leader>01953cjm a2200433 a 4500</leader>
  <controlfield tag="005">20150808051444.0</controlfield>
  <controlfield tag="007">sd fsngnn   ed</controlfield>
  <controlfield tag="008">081218s2008    xxumpn              eng d</controlfield>
  <datafield tag="020" ind1=" " ind2=" ">
   <subfield code="z">602517946293 :</subfield>
   <subfield code="c">$13.99</subfield>
  </datafield>
  <datafield tag="028" ind1="0" ind2="2">
   <subfield code="a">B0012502-02</subfield>
   <subfield code="b">Interscope Records</subfield>
  </datafield>
  <datafield tag="040" ind1=" " ind2=" ">
   <subfield code="a">TEFMT</subfield>
   <subfield code="c">TEFMT</subfield>
   <subfield code="d">OCP</subfield>
   <subfield code="d">RCS</subfield>
   <subfield code="d">UtOrBLW</subfield>
  </datafield>
  <datafield tag="049" ind1=" " ind2=" ">
   <subfield code="a">PDV</subfield>
  </datafield>
  <datafield tag="092" ind1=" " ind2=" ">
   <subfield code="a">CD</subfield>
   <subfield code="b">Slumdog</subfield>
  </datafield>
  <datafield tag="100" ind1="1" ind2=" ">
   <subfield code="a">Rahman, A. R.</subfield>
  </datafield>
  <datafield tag="245" ind1="1" ind2="0">
   <subfield code="a">Slumdog millionaire</subfield>
   <subfield code="h">[sound recording] :</subfield>
   <subfield code="b">music from the motion picture /</subfield>
   <subfield code="c">featuring music and score from A.R. Rahman.</subfield>
  </datafield>
  <datafield tag="246" ind1="3" ind2=" ">
   <subfield code="a">Music from the motion picture Slumdog millionaire</subfield>
  </datafield>
  <datafield tag="264" ind1=" " ind2="1">
   <subfield code="a">Santa Monica, CA :</subfield>
   <subfield code="b">Interscope Records,</subfield>
   <subfield code="c">[2008]</subfield>
  </datafield>
  <datafield tag="264" ind1=" " ind2="4">
   <subfield code="c">p2008</subfield>
  </datafield>
  <datafield tag="300" ind1=" " ind2=" ">
   <subfield code="a">1 sound disc :</subfield>
   <subfield code="b">digital ;</subfield>
   <subfield code="c">4 3/4 in.</subfield>
  </datafield>
  <datafield tag="336" ind1=" " ind2=" ">
   <subfield code="a">performed music</subfield>
   <subfield code="b">prm</subfield>
   <subfield code="2">rdacontent</subfield>
  </datafield>
  <datafield tag="337" ind1=" " ind2=" ">
   <subfield code="a">audio</subfield>
   <subfield code="b">s</subfield>
   <subfield code="2">rdamedia</subfield>
  </datafield>
  <datafield tag="338" ind1=" " ind2=" ">
   <subfield code="a">audio disc</subfield>
   <subfield code="b">sd</subfield>
   <subfield code="2">rdacarrier</subfield>
  </datafield>
  <datafield tag="500" ind1=" " ind2=" ">
   <subfield code="a">Soundtrack from 2008 motion picture entitled "Slumdog millionaire."</subfield>
  </datafield>
  <datafield tag="546" ind1=" " ind2=" ">
   <subfield code="a">Sung in English and Hindi.</subfield>
  </datafield>
  <datafield tag="511" ind1="0" ind2=" ">
   <subfield code="a">Various performers.</subfield>
  </datafield>
  <datafield tag="500" ind1=" " ind2=" ">
   <subfield code="a">Compact disc.</subfield>
  </datafield>
  <datafield tag="505" ind1="0" ind2="0">
   <subfield code="a">O saya (3:34) -- Riots (2:01) -- Mausam &amp; escape (3:55) -- Paper planes (3:25) -- Paper planes (remix) (5:50) -- Ringa ringa (4:15) -- Liquid dance (3:01) -- Latika's theme (3:11) -- Aaj ki raat (6:09) -- Millionaire (2:47) -- Gangsta blues (3:42) -- Dreams on fire (4:09) -- Jai ho (5:19).</subfield>
  </datafield>
  <datafield tag="650" ind1=" " ind2="0">
   <subfield code="a">Motion picture music</subfield>
   <subfield code="v">Excerpts.</subfield>
  </datafield>
  <datafield tag="650" ind1=" " ind2="0">
   <subfield code="a">Popular music</subfield>
   <subfield code="z">India.</subfield>
  </datafield>
  <datafield tag="650" ind1=" " ind2="0">
   <subfield code="a">Underground dance music.</subfield>
  </datafield>
  <datafield tag="650" ind1=" " ind2="0">
   <subfield code="a">Rock music</subfield>
   <subfield code="z">India</subfield>
   <subfield code="y">2001-2010.</subfield>
  </datafield>
  <datafield tag="690" ind1=" " ind2=" ">
   <subfield code="a">Music genre project</subfield>
   <subfield code="x">Stage &amp; Screen.</subfield>
  </datafield>
  <datafield tag="700" ind1="1" ind2=" ">
   <subfield code="a">Swarup, Vikas.</subfield>
   <subfield code="t">Q &amp; A.</subfield>
  </datafield>
  <datafield tag="730" ind1="0" ind2=" ">
   <subfield code="a">Slumdog millionaire (Motion picture)</subfield>
  </datafield>
  <datafield tag="907" ind1=" " ind2=" ">
   <subfield code="a">.b12506953</subfield>
   <subfield code="b">12-28-23</subfield>
   <subfield code="c">07-02-09</subfield>
  </datafield>
  <datafield tag="998" ind1=" " ind2=" ">
   <subfield code="a">r</subfield>
   <subfield code="b">07-28-09</subfield>
   <subfield code="c">m</subfield>
   <subfield code="d">j  </subfield>
   <subfield code="e">-</subfield>
   <subfield code="f">eng</subfield>
   <subfield code="g">xxu</subfield>
   <subfield code="h">0</subfield>
   <subfield code="i">0</subfield>
  </datafield>
  <datafield tag="910" ind1=" " ind2=" ">
   <subfield code="a">RDA ENRICHED</subfield>
  </datafield>
  <datafield tag="910" ind1=" " ind2=" ">
   <subfield code="a">MARS</subfield>
  </datafield>
  <datafield tag="945" ind1=" " ind2=" ">
   <subfield code="a">CD Stage &amp; Screen Slumdog     </subfield>
   <subfield code="g">1</subfield>
   <subfield code="i">31743304286840</subfield>
   <subfield code="l">rms  </subfield>
   <subfield code="n">Northside CD filing number : 18</subfield>
   <subfield code="o">-</subfield>
   <subfield code="p">$13.99</subfield>
   <subfield code="q">-</subfield>
   <subfield code="r">-</subfield>
   <subfield code="s">-  </subfield>
   <subfield code="t">29</subfield>
   <subfield code="u">90</subfield>
   <subfield code="v">27</subfield>
   <subfield code="w">0</subfield>
   <subfield code="x">0</subfield>
   <subfield code="y">.i1837637x</subfield>
   <subfield code="z">07-29-09</subfield>
  </datafield>
 </record>