<record>
  <leader>01563nam a2200361 a 4500</leader>
  <controlfield tag="005">20150808051444.0</controlfield>
  <controlfield tag="008">940413s1994    dcua          001 0 eng  </controlfield>
  <datafield tag="010" ind1=" " ind2=" ">
   <subfield code="a">94011475</subfield>
  </datafield>
  <datafield tag="020" ind1=" " ind2=" ">
   <subfield code="a">1880216256 :</subfield>
   <subfield code="c">$29.95</subfield>
  </datafield>
  <datafield tag="040" ind1=" " ind2=" ">
   <subfield code="a">DLC</subfield>
   <subfield code="c">DLC</subfield>
   <subfield code="d">SPU</subfield>
   <subfield code="d">OBE</subfield>
   <subfield code="d">MLX</subfield>
   <subfield code="d">IUL</subfield>
   <subfield code="d">UtOrBLW</subfield>
  </datafield>
  <datafield tag="043" ind1=" " ind2=" ">
   <subfield code="a">n-us---</subfield>
  </datafield>
  <datafield tag="049" ind1=" " ind2=" ">
   <subfield code="a">PDV</subfield>
  </datafield>
  <datafield tag="092" ind1=" " ind2=" ">
   <subfield code="a">973.04916</subfield>
   <subfield code="b">Miller</subfield>
  </datafield>
  <datafield tag="100" ind1="1" ind2=" ">
   <subfield code="a">Miller, Kerby A.</subfield>
  </datafield>
  <datafield tag="245" ind1="1" ind2="0">
   <subfield code="a">Out of Ireland :</subfield>
   <subfield code="b">the story of Irish emigration to America /</subfield>
   <subfield code="c">by Kerby Miller and Paul Wagner.</subfield>
  </datafield>
  <datafield tag="264" ind1=" " ind2="1">
   <subfield code="a">Washington, D.C. :</subfield>
   <subfield code="b">Elliott &amp; Clark Pub.,</subfield>
   <subfield code="c">[1994]</subfield>
  </datafield>
  <datafield tag="264" ind1=" " ind2="4">
   <subfield code="c">c1994</subfield>
  </datafield>
  <datafield tag="300" ind1=" " ind2=" ">
   <subfield code="a">132 pages :</subfield>
   <subfield code="b">illustrations ;</subfield>
   <subfield code="c">29 cm</subfield>
  </datafield>
  <datafield tag="336" ind1=" " ind2=" ">
   <subfield code="a">text</subfield>
   <subfield code="b">txt</subfield>
   <subfield code="2">rdacontent</subfield>
  </datafield>
  <datafield tag="337" ind1=" " ind2=" ">
   <subfield code="a">unmediated</subfield>
   <subfield code="b">n</subfield>
   <subfield code="2">rdamedia</subfield>
  </datafield>
  <datafield tag="338" ind1=" " ind2=" ">
   <subfield code="a">volume</subfield>
   <subfield code="b">nc</subfield>
   <subfield code="2">rdacarrier</subfield>
  </datafield>
  <datafield tag="500" ind1=" " ind2=" ">
   <subfield code="a">Includes index.</subfield>
  </datafield>
  <datafield tag="505" ind1="0" ind2=" ">
   <subfield code="a">This unfortunate country -- The hunger -- Digging ditches, pulling switches -- No Irish need apply -- The effervescing of the vat -- Love and liberty -- The wind that shook the barley -- The spires of St. Colman's -- Revenge for Skibbereen -- Miraculous energy -- Erin one more.</subfield>
  </datafield>
  <datafield tag="650" ind1=" " ind2="0">
   <subfield code="a">Irish Americans</subfield>
   <subfield code="x">History.</subfield>
  </datafield>
  <datafield tag="650" ind1=" " ind2="0">
   <subfield code="a">Irish Americans</subfield>
   <subfield code="x">History</subfield>
   <subfield code="v">Pictorial works.</subfield>
  </datafield>
  <datafield tag="650" ind1=" " ind2="0">
   <subfield code="a">Catholics</subfield>
   <subfield code="z">United States</subfield>
   <subfield code="x">History.</subfield>
  </datafield>
  <datafield tag="650" ind1=" " ind2="0">
   <subfield code="a">Catholics</subfield>
   <subfield code="z">United States</subfield>
   <subfield code="x">History</subfield>
   <subfield code="v">Pictorial works.</subfield>
  </datafield>
  <datafield tag="700" ind1="1" ind2=" ">
   <subfield code="a">Wagner, Paul,</subfield>
   <subfield code="d">1948-</subfield>
  </datafield>
  <datafield tag="907" ind1=" " ind2=" ">
   <subfield code="a">.b12507040</subfield>
   <subfield code="b">08-22-23</subfield>
   <subfield code="c">07-07-09</subfield>
  </datafield>
  <datafield tag="998" ind1=" " ind2=" ">
   <subfield code="a">r</subfield>
   <subfield code="b">07-07-09</subfield>
   <subfield code="c">m</subfield>
   <subfield code="d">a  </subfield>
   <subfield code="e">-</subfield>
   <subfield code="f">eng</subfield>
   <subfield code="g">dcu</subfield>
   <subfield code="h">0</subfield>
   <subfield code="i">0</subfield>
  </datafield>
  <datafield tag="910" ind1=" " ind2=" ">
   <subfield code="a">RDA ENRICHED</subfield>
  </datafield>
  <datafield tag="910" ind1=" " ind2=" ">
   <subfield code="a">MARS</subfield>
  </datafield>
  <datafield tag="945" ind1=" " ind2=" ">
   <subfield code="a">973.04916 Miller     </subfield>
   <subfield code="g">1</subfield>
   <subfield code="i">31743013560816</subfield>
   <subfield code="l">rms  </subfield>
   <subfield code="o">-</subfield>
   <subfield code="p">$29.95</subfield>
   <subfield code="q">-</subfield>
   <subfield code="r">-</subfield>
   <subfield code="s">-  </subfield>
   <subfield code="t">2</subfield>
   <subfield code="u">17</subfield>
   <subfield code="v">7</subfield>
   <subfield code="w">5</subfield>
   <subfield code="x">0</subfield>
   <subfield code="y">.i18788518</subfield>
   <subfield code="z">07-12-10</subfield>
  </datafield>
 </record>