<record>
  <leader>02655cam a2200457 a 4500</leader>
  <controlfield tag="001">  2009922861</controlfield>
  <controlfield tag="005">20150808051445.0</controlfield>
  <controlfield tag="008">090212s2009    nyu           000 0deng d</controlfield>
  <datafield tag="010" ind1=" " ind2=" ">
   <subfield code="a">2009922861</subfield>
  </datafield>
  <datafield tag="020" ind1=" " ind2=" ">
   <subfield code="a">9780307266309 :</subfield>
   <subfield code="c">$24.95</subfield>
  </datafield>
  <datafield tag="020" ind1=" " ind2=" ">
   <subfield code="a">0307266303</subfield>
  </datafield>
  <datafield tag="040" ind1=" " ind2=" ">
   <subfield code="a">UPZ</subfield>
   <subfield code="c">UPZ</subfield>
   <subfield code="d">UPZ</subfield>
   <subfield code="d">YDXCP</subfield>
   <subfield code="d">IH9</subfield>
   <subfield code="d">IEP</subfield>
   <subfield code="d">DLC</subfield>
   <subfield code="d">UtOrBLW</subfield>
  </datafield>
  <datafield tag="043" ind1=" " ind2=" ">
   <subfield code="a">n-mx---</subfield>
   <subfield code="a">n-us---</subfield>
  </datafield>
  <datafield tag="049" ind1=" " ind2=" ">
   <subfield code="a">PDV</subfield>
  </datafield>
  <datafield tag="092" ind1=" " ind2=" ">
   <subfield code="a">796.42</subfield>
   <subfield code="b">McDougall</subfield>
  </datafield>
  <datafield tag="100" ind1="1" ind2=" ">
   <subfield code="a">McDougall, Christopher,</subfield>
   <subfield code="d">1962-</subfield>
  </datafield>
  <datafield tag="245" ind1="1" ind2="0">
   <subfield code="a">Born to run :</subfield>
   <subfield code="b">a hidden tribe, superathletes, and the greatest race the world has never seen /</subfield>
   <subfield code="c">Christopher McDougall.</subfield>
  </datafield>
  <datafield tag="264" ind1=" " ind2="1">
   <subfield code="a">New York :</subfield>
   <subfield code="b">Alfred A. Knopf,</subfield>
   <subfield code="c">2009.</subfield>
  </datafield>
  <datafield tag="300" ind1=" " ind2=" ">
   <subfield code="a">287 pages ;</subfield>
   <subfield code="c">25 cm.</subfield>
  </datafield>
  <datafield tag="336" ind1=" " ind2=" ">
   <subfield code="a">text</subfield>
   <subfield code="b">txt</subfield>
   <subfield code="2">rdacontent.</subfield>
  </datafield>
  <datafield tag="337" ind1=" " ind2=" ">
   <subfield code="a">unmediated</subfield>
   <subfield code="b">n</subfield>
   <subfield code="2">rdamedia.</subfield>
  </datafield>
  <datafield tag="338" ind1=" " ind2=" ">
   <subfield code="a">volume</subfield>
   <subfield code="b">nc</subfield>
   <subfield code="2">rdacarrier.</subfield>
  </datafield>
  <datafield tag="520" ind1=" " ind2=" ">
   <subfield code="a">McDougall reveals the secrets of the world's greatest distance runners--the Tarahumara Indians of Copper Canyon, Mexico--and how he trained for the challenge of a lifetime: a fifty-mile race through the heart of Tarahumara country pitting the tribe against an odd band of super-athletic Americans.</subfield>
  </datafield>
  <datafield tag="650" ind1=" " ind2="0">
   <subfield code="a">Running races</subfield>
   <subfield code="z">Mexico</subfield>
   <subfield code="z">Copper Canyon Region.</subfield>
  </datafield>
  <datafield tag="650" ind1=" " ind2="0">
   <subfield code="a">Tarahumara Indians</subfield>
   <subfield code="z">Mexico</subfield>
   <subfield code="z">Copper Canyon Region.</subfield>
  </datafield>
  <datafield tag="650" ind1=" " ind2="0">
   <subfield code="a">Long-distance running</subfield>
   <subfield code="z">Mexico</subfield>
   <subfield code="z">Copper Canyon Region.</subfield>
  </datafield>
  <datafield tag="650" ind1=" " ind2="0">
   <subfield code="a">Long-distance runners</subfield>
   <subfield code="z">Mexico</subfield>
   <subfield code="z">Copper Canyon Region.</subfield>
  </datafield>
  <datafield tag="650" ind1=" " ind2="0">
   <subfield code="a">Long-distance runners</subfield>
   <subfield code="z">United States</subfield>
   <subfield code="v">Biography.</subfield>
  </datafield>
  <datafield tag="650" ind1=" " ind2="0">
   <subfield code="a">Running</subfield>
   <subfield code="z">Mexico</subfield>
   <subfield code="z">Copper Canyon Region.</subfield>
  </datafield>
  <datafield tag="650" ind1=" " ind2="0">
   <subfield code="a">Athletes</subfield>
   <subfield code="z">United States.</subfield>
  </datafield>
  <datafield tag="907" ind1=" " ind2=" ">
   <subfield code="a">.b12507179</subfield>
   <subfield code="b">10-23-24</subfield>
   <subfield code="c">07-09-09</subfield>
  </datafield>
  <datafield tag="998" ind1=" " ind2=" ">
   <subfield code="a">(2)m</subfield>
   <subfield code="a">c</subfield>
   <subfield code="a">a</subfield>
   <subfield code="a">g</subfield>
   <subfield code="a">r</subfield>
   <subfield code="a">s</subfield>
   <subfield code="b">07-23-09</subfield>
   <subfield code="c">m</subfield>
   <subfield code="d">a  </subfield>
   <subfield code="e">-</subfield>
   <subfield code="f">eng</subfield>
   <subfield code="g">nyu</subfield>
   <subfield code="h">0</subfield>
   <subfield code="i">7</subfield>
  </datafield>
  <datafield tag="910" ind1=" " ind2=" ">
   <subfield code="a">RDA ENRICHED</subfield>
  </datafield>
  <datafield tag="910" ind1=" " ind2=" ">
   <subfield code="a">MARS</subfield>
  </datafield>
  <datafield tag="945" ind1=" " ind2=" ">
   <subfield code="a">796.42 McDougall     </subfield>
   <subfield code="g">1</subfield>
   <subfield code="i">31743304284746</subfield>
   <subfield code="l">mms  </subfield>
   <subfield code="n">Sat Dec 02 2023: Bill $29.95, damaged by .p12494999</subfield>
   <subfield code="n">Sat Dec 02 2023: Paid $29.95 and damaged by .p1249499</subfield>
   <subfield code="o">n</subfield>
   <subfield code="p">$24.95</subfield>
   <subfield code="q">-</subfield>
   <subfield code="r">-</subfield>
   <subfield code="s">d  </subfield>
   <subfield code="t">2</subfield>
   <subfield code="u">93</subfield>
   <subfield code="v">46</subfield>
   <subfield code="w">0</subfield>
   <subfield code="x">1</subfield>
   <subfield code="y">.i18369650</subfield>
   <subfield code="z">07-24-09</subfield>
  </datafield>
  <datafield tag="945" ind1=" " ind2=" ">
   <subfield code="a">796.42 McDougall     </subfield>
   <subfield code="g">1</subfield>
   <subfield code="i">31743311256380</subfield>
   <subfield code="l">mms  </subfield>
   <subfield code="o">-</subfield>
   <subfield code="p">$35.00</subfield>
   <subfield code="q">-</subfield>
   <subfield code="r">-</subfield>
   <subfield code="s">-  </subfield>
   <subfield code="t">2</subfield>
   <subfield code="u">0</subfield>
   <subfield code="v">0</subfield>
   <subfield code="w">0</subfield>
   <subfield code="x">0</subfield>
   <subfield code="y">.i24946424</subfield>
   <subfield code="z">10-23-24</subfield>
  </datafield>
  <datafield tag="945" ind1=" " ind2=" ">
   <subfield code="a">796.42 McDougall     </subfield>
   <subfield code="g">1</subfield>
   <subfield code="i">31743304366915</subfield>
   <subfield code="l">cms  </subfield>
   <subfield code="o">-</subfield>
   <subfield code="p">$24.95</subfield>
   <subfield code="q">-</subfield>
   <subfield code="r">-</subfield>
   <subfield code="s">-  </subfield>
   <subfield code="t">2</subfield>
   <subfield code="u">82</subfield>
   <subfield code="v">34</subfield>
   <subfield code="w">1</subfield>
   <subfield code="x">0</subfield>
   <subfield code="y">.i18449049</subfield>
   <subfield code="z">09-10-09</subfield>
  </datafield>
  <datafield tag="945" ind1=" " ind2=" ">
   <subfield code="a">796.42 McDougall     </subfield>
   <subfield code="g">1</subfield>
   <subfield code="i">31743311256398</subfield>
   <subfield code="l">ams  </subfield>
   <subfield code="o">-</subfield>
   <subfield code="p">$35.00</subfield>
   <subfield code="q">-</subfield>
   <subfield code="r">-</subfield>
   <subfield code="s">-  </subfield>
   <subfield code="t">2</subfield>
   <subfield code="u">0</subfield>
   <subfield code="v">0</subfield>
   <subfield code="w">0</subfield>
   <subfield code="x">0</subfield>
   <subfield code="y">.i24946436</subfield>
   <subfield code="z">10-23-24</subfield>
  </datafield>
  <datafield tag="945" ind1=" " ind2=" ">
   <subfield code="a">796.42 McDougall     </subfield>
   <subfield code="g">1</subfield>
   <subfield code="i">31743304682865</subfield>
   <subfield code="l">gms  </subfield>
   <subfield code="o">-</subfield>
   <subfield code="p">$24.95</subfield>
   <subfield code="q">-</subfield>
   <subfield code="r">-</subfield>
   <subfield code="s">-  </subfield>
   <subfield code="t">2</subfield>
   <subfield code="u">46</subfield>
   <subfield code="v">17</subfield>
   <subfield code="w">1</subfield>
   <subfield code="x">0</subfield>
   <subfield code="y">.i18695887</subfield>
   <subfield code="z">04-02-10</subfield>
  </datafield>
  <datafield tag="945" ind1=" " ind2=" ">
   <subfield code="a">796.42 McDougall     </subfield>
   <subfield code="g">1</subfield>
   <subfield code="i">31743304446907</subfield>
   <subfield code="l">rms  </subfield>
   <subfield code="o">-</subfield>
   <subfield code="p">$24.95</subfield>
   <subfield code="q">-</subfield>
   <subfield code="r">-</subfield>
   <subfield code="s">-  </subfield>
   <subfield code="t">2</subfield>
   <subfield code="u">108</subfield>
   <subfield code="v">59</subfield>
   <subfield code="w">3</subfield>
   <subfield code="x">2</subfield>
   <subfield code="y">.i18542463</subfield>
   <subfield code="z">11-23-09</subfield>
  </datafield>
  <datafield tag="945" ind1=" " ind2=" ">
   <subfield code="a">796.42 McDougall     </subfield>
   <subfield code="g">1</subfield>
   <subfield code="i">31743304446899</subfield>
   <subfield code="l">sms  </subfield>
   <subfield code="o">-</subfield>
   <subfield code="p">$24.95</subfield>
   <subfield code="q">-</subfield>
   <subfield code="r">-</subfield>
   <subfield code="s">-  </subfield>
   <subfield code="t">2</subfield>
   <subfield code="u">49</subfield>
   <subfield code="v">17</subfield>
   <subfield code="w">0</subfield>
   <subfield code="x">0</subfield>
   <subfield code="y">.i18542451</subfield>
   <subfield code="z">11-23-09</subfield>
  </datafield>
 </record>