<record>
  <leader>01857cam a2200433 a 4500</leader>
  <controlfield tag="005">20150808051445.0</controlfield>
  <controlfield tag="008">080917s2009    iluab    b    001 0beng  </controlfield>
  <datafield tag="010" ind1=" " ind2=" ">
   <subfield code="a">2008040136</subfield>
  </datafield>
  <datafield tag="020" ind1=" " ind2=" ">
   <subfield code="a">9781556527777</subfield>
  </datafield>
  <datafield tag="020" ind1=" " ind2=" ">
   <subfield code="a">1556527772 :</subfield>
   <subfield code="c">$24.95</subfield>
  </datafield>
  <datafield tag="040" ind1=" " ind2=" ">
   <subfield code="a">DLC</subfield>
   <subfield code="c">DLC</subfield>
   <subfield code="d">YDXCP</subfield>
   <subfield code="d">BTCTA</subfield>
   <subfield code="d">YDX</subfield>
   <subfield code="d">CO2</subfield>
   <subfield code="d">UtOrBLW</subfield>
  </datafield>
  <datafield tag="043" ind1=" " ind2=" ">
   <subfield code="a">n-us---</subfield>
  </datafield>
  <datafield tag="049" ind1=" " ind2=" ">
   <subfield code="a">PDV</subfield>
  </datafield>
  <datafield tag="092" ind1=" " ind2=" ">
   <subfield code="a">92</subfield>
   <subfield code="b">Truman, Harry</subfield>
  </datafield>
  <datafield tag="100" ind1="1" ind2=" ">
   <subfield code="a">Algeo, Matthew.</subfield>
  </datafield>
  <datafield tag="245" ind1="1" ind2="0">
   <subfield code="a">Harry Truman's excellent adventure :</subfield>
   <subfield code="b">the true story of a great American road trip /</subfield>
   <subfield code="c">Matthew Algeo.</subfield>
  </datafield>
  <datafield tag="246" ind1="3" ind2="0">
   <subfield code="a">Excellent adventure</subfield>
  </datafield>
  <datafield tag="250" ind1=" " ind2=" ">
   <subfield code="a">1st ed.</subfield>
  </datafield>
  <datafield tag="264" ind1=" " ind2="1">
   <subfield code="a">Chicago :</subfield>
   <subfield code="b">Chicago Review Press,</subfield>
   <subfield code="c">[2009]</subfield>
  </datafield>
  <datafield tag="264" ind1=" " ind2="4">
   <subfield code="c">c2009</subfield>
  </datafield>
  <datafield tag="300" ind1=" " ind2=" ">
   <subfield code="a">262 pages :</subfield>
   <subfield code="b">illustrations, maps ;</subfield>
   <subfield code="c">24 cm</subfield>
  </datafield>
  <datafield tag="336" ind1=" " ind2=" ">
   <subfield code="a">text</subfield>
   <subfield code="b">txt</subfield>
   <subfield code="2">rdacontent</subfield>
  </datafield>
  <datafield tag="337" ind1=" " ind2=" ">
   <subfield code="a">unmediated</subfield>
   <subfield code="b">n</subfield>
   <subfield code="2">rdamedia</subfield>
  </datafield>
  <datafield tag="338" ind1=" " ind2=" ">
   <subfield code="a">volume</subfield>
   <subfield code="b">nc</subfield>
   <subfield code="2">rdacarrier</subfield>
  </datafield>
  <datafield tag="504" ind1=" " ind2=" ">
   <subfield code="a">Includes bibliographical references (pages 235-249) and index.</subfield>
  </datafield>
  <datafield tag="600" ind1="1" ind2="0">
   <subfield code="a">Truman, Harry S.,</subfield>
   <subfield code="d">1884-1972.</subfield>
  </datafield>
  <datafield tag="600" ind1="1" ind2="0">
   <subfield code="a">Truman, Harry S.,</subfield>
   <subfield code="d">1884-1972</subfield>
   <subfield code="x">Travel</subfield>
   <subfield code="z">United States.</subfield>
  </datafield>
  <datafield tag="650" ind1=" " ind2="0">
   <subfield code="a">Automobile travel</subfield>
   <subfield code="z">United States.</subfield>
  </datafield>
  <datafield tag="600" ind1="1" ind2="0">
   <subfield code="a">Truman, Harry S.,</subfield>
   <subfield code="d">1884-1972</subfield>
   <subfield code="x">Finance, Personal.</subfield>
  </datafield>
  <datafield tag="650" ind1=" " ind2="0">
   <subfield code="a">Presidents</subfield>
   <subfield code="x">Retirement</subfield>
   <subfield code="z">United States</subfield>
   <subfield code="v">Case studies.</subfield>
  </datafield>
  <datafield tag="650" ind1=" " ind2="0">
   <subfield code="a">Presidents</subfield>
   <subfield code="z">United States</subfield>
   <subfield code="v">Biography.</subfield>
  </datafield>
  <datafield tag="856" ind1="4" ind2="2">
   <subfield code="3">Contributor biographical information</subfield>
   <subfield code="u">http://www.loc.gov/catdir/enhancements/fy0904/2008040136-b.html</subfield>
  </datafield>
  <datafield tag="856" ind1="4" ind2="2">
   <subfield code="3">Publisher description</subfield>
   <subfield code="u">http://www.loc.gov/catdir/enhancements/fy0904/2008040136-d.html</subfield>
  </datafield>
  <datafield tag="907" ind1=" " ind2=" ">
   <subfield code="a">.b12507222</subfield>
   <subfield code="b">04-06-23</subfield>
   <subfield code="c">07-09-09</subfield>
  </datafield>
  <datafield tag="998" ind1=" " ind2=" ">
   <subfield code="a">m</subfield>
   <subfield code="a">r</subfield>
   <subfield code="b">07-23-09</subfield>
   <subfield code="c">m</subfield>
   <subfield code="d">a  </subfield>
   <subfield code="e">-</subfield>
   <subfield code="f">eng</subfield>
   <subfield code="g">ilu</subfield>
   <subfield code="h">0</subfield>
   <subfield code="i">0</subfield>
  </datafield>
  <datafield tag="910" ind1=" " ind2=" ">
   <subfield code="a">RDA ENRICHED</subfield>
  </datafield>
  <datafield tag="910" ind1=" " ind2=" ">
   <subfield code="a">MARS</subfield>
  </datafield>
  <datafield tag="945" ind1=" " ind2=" ">
   <subfield code="a">92 Truman, Harry     </subfield>
   <subfield code="g">1</subfield>
   <subfield code="i">31743304416603</subfield>
   <subfield code="l">mms  </subfield>
   <subfield code="o">-</subfield>
   <subfield code="p">$24.95</subfield>
   <subfield code="q">-</subfield>
   <subfield code="r">-</subfield>
   <subfield code="s">-  </subfield>
   <subfield code="t">2</subfield>
   <subfield code="u">25</subfield>
   <subfield code="v">7</subfield>
   <subfield code="w">0</subfield>
   <subfield code="x">4</subfield>
   <subfield code="y">.i18367860</subfield>
   <subfield code="z">07-23-09</subfield>
  </datafield>
  <datafield tag="945" ind1=" " ind2=" ">
   <subfield code="a">92 Truman, Harry     </subfield>
   <subfield code="g">1</subfield>
   <subfield code="i">31743304416637</subfield>
   <subfield code="l">rms  </subfield>
   <subfield code="o">-</subfield>
   <subfield code="p">$24.95</subfield>
   <subfield code="q">-</subfield>
   <subfield code="r">-</subfield>
   <subfield code="s">-  </subfield>
   <subfield code="t">2</subfield>
   <subfield code="u">35</subfield>
   <subfield code="v">9</subfield>
   <subfield code="w">0</subfield>
   <subfield code="x">4</subfield>
   <subfield code="y">.i18367896</subfield>
   <subfield code="z">07-23-09</subfield>
  </datafield>
 </record>