<record>
  <leader>02287cam a2200445 a 4500</leader>
  <controlfield tag="005">20150808051445.0</controlfield>
  <controlfield tag="008">080813s2009    nyuaf         000 0deng  </controlfield>
  <datafield tag="010" ind1=" " ind2=" ">
   <subfield code="a">2008035538</subfield>
  </datafield>
  <datafield tag="020" ind1=" " ind2=" ">
   <subfield code="a">9780316008235</subfield>
  </datafield>
  <datafield tag="020" ind1=" " ind2=" ">
   <subfield code="a">0316008230 :</subfield>
   <subfield code="c">$24.99</subfield>
  </datafield>
  <datafield tag="040" ind1=" " ind2=" ">
   <subfield code="a">DLC</subfield>
   <subfield code="c">DLC</subfield>
   <subfield code="d">YDXCP</subfield>
   <subfield code="d">UPZ</subfield>
   <subfield code="d">GO3</subfield>
   <subfield code="d">XL4</subfield>
   <subfield code="d">UtOrBLW</subfield>
  </datafield>
  <datafield tag="043" ind1=" " ind2=" ">
   <subfield code="a">n-us---</subfield>
   <subfield code="a">n-us-tx</subfield>
  </datafield>
  <datafield tag="049" ind1=" " ind2=" ">
   <subfield code="a">PDV</subfield>
  </datafield>
  <datafield tag="092" ind1=" " ind2=" ">
   <subfield code="a">618.9285882</subfield>
   <subfield code="b">Isaacson</subfield>
  </datafield>
  <datafield tag="100" ind1="1" ind2=" ">
   <subfield code="a">Isaacson, Rupert.</subfield>
  </datafield>
  <datafield tag="245" ind1="1" ind2="4">
   <subfield code="a">The horse boy :</subfield>
   <subfield code="b">a father's quest to heal his son /</subfield>
   <subfield code="c">Rupert Isaacson.</subfield>
  </datafield>
  <datafield tag="250" ind1=" " ind2=" ">
   <subfield code="a">1st ed.</subfield>
  </datafield>
  <datafield tag="264" ind1=" " ind2="1">
   <subfield code="a">New York :</subfield>
   <subfield code="b">Little, Brown and Co.,</subfield>
   <subfield code="c">2009.</subfield>
  </datafield>
  <datafield tag="300" ind1=" " ind2=" ">
   <subfield code="a">x, 357 pages, 16 unnumbered pages of plates :</subfield>
   <subfield code="b">color illustrations ;</subfield>
   <subfield code="c">25 cm.</subfield>
  </datafield>
  <datafield tag="336" ind1=" " ind2=" ">
   <subfield code="a">text</subfield>
   <subfield code="b">txt</subfield>
   <subfield code="2">rdacontent.</subfield>
  </datafield>
  <datafield tag="337" ind1=" " ind2=" ">
   <subfield code="a">unmediated</subfield>
   <subfield code="b">n</subfield>
   <subfield code="2">rdamedia.</subfield>
  </datafield>
  <datafield tag="338" ind1=" " ind2=" ">
   <subfield code="a">volume</subfield>
   <subfield code="b">nc</subfield>
   <subfield code="2">rdacarrier.</subfield>
  </datafield>
  <datafield tag="520" ind1=" " ind2=" ">
   <subfield code="a">When his son Rowan was diagnosed with autism, Rupert Isaacson was devastated, afraid he might never be able to communicate with his child. But when Isaacson, a lifelong horseman, rode their neighbor's horse with Rowan, Rowan improved immeasurably. He was struck with a crazy idea: why not take Rowan to Mongolia, the one place in the world where horses and shamanic healing intersected? The Horse Boy is the dramatic and heartwarming story of that impossible adventure.</subfield>
  </datafield>
  <datafield tag="600" ind1="1" ind2="0">
   <subfield code="a">Isaacson, Rowan.</subfield>
  </datafield>
  <datafield tag="600" ind1="1" ind2="0">
   <subfield code="a">Isaacson, Rupert.</subfield>
  </datafield>
  <datafield tag="650" ind1=" " ind2="0">
   <subfield code="a">Autistic children</subfield>
   <subfield code="z">United States</subfield>
   <subfield code="v">Biography.</subfield>
  </datafield>
  <datafield tag="650" ind1=" " ind2="0">
   <subfield code="a">Parents of autistic children</subfield>
   <subfield code="z">United States</subfield>
   <subfield code="v">Biography.</subfield>
  </datafield>
  <datafield tag="650" ind1=" " ind2="0">
   <subfield code="a">Autism in children</subfield>
   <subfield code="x">Treatment</subfield>
   <subfield code="v">Case studies.</subfield>
  </datafield>
  <datafield tag="650" ind1=" " ind2="0">
   <subfield code="a">Horses</subfield>
   <subfield code="x">Therapeutic use</subfield>
   <subfield code="v">Case studies.</subfield>
  </datafield>
  <datafield tag="650" ind1=" " ind2="0">
   <subfield code="a">Human-animal relationships</subfield>
   <subfield code="v">Case studies.</subfield>
  </datafield>
  <datafield tag="650" ind1=" " ind2="0">
   <subfield code="a">Autistic children</subfield>
   <subfield code="x">Family relationships</subfield>
   <subfield code="v">Case studies.</subfield>
  </datafield>
  <datafield tag="650" ind1=" " ind2="0">
   <subfield code="a">Fathers and sons</subfield>
   <subfield code="v">Case studies.</subfield>
  </datafield>
  <datafield tag="651" ind1=" " ind2="0">
   <subfield code="a">Austin (Tex.)</subfield>
   <subfield code="v">Biography.</subfield>
  </datafield>
  <datafield tag="856" ind1="4" ind2="2">
   <subfield code="3">Contributor biographical information</subfield>
   <subfield code="u">http://www.loc.gov/catdir/enhancements/fy0902/2008035538-b.html</subfield>
  </datafield>
  <datafield tag="856" ind1="4" ind2="2">
   <subfield code="3">Publisher description</subfield>
   <subfield code="u">http://www.loc.gov/catdir/enhancements/fy0902/2008035538-d.html</subfield>
  </datafield>
  <datafield tag="907" ind1=" " ind2=" ">
   <subfield code="a">.b12507246</subfield>
   <subfield code="b">01-14-25</subfield>
   <subfield code="c">07-09-09</subfield>
  </datafield>
  <datafield tag="998" ind1=" " ind2=" ">
   <subfield code="a">m</subfield>
   <subfield code="b">07-23-09</subfield>
   <subfield code="c">m</subfield>
   <subfield code="d">a  </subfield>
   <subfield code="e">-</subfield>
   <subfield code="f">eng</subfield>
   <subfield code="g">nyu</subfield>
   <subfield code="h">4</subfield>
   <subfield code="i">2</subfield>
  </datafield>
  <datafield tag="910" ind1=" " ind2=" ">
   <subfield code="a">RDA ENRICHED</subfield>
  </datafield>
  <datafield tag="910" ind1=" " ind2=" ">
   <subfield code="a">MARS</subfield>
  </datafield>
  <datafield tag="945" ind1=" " ind2=" ">
   <subfield code="a">618.9285882 Isaacson     </subfield>
   <subfield code="g">1</subfield>
   <subfield code="i">31743304416660</subfield>
   <subfield code="l">mms  </subfield>
   <subfield code="o">-</subfield>
   <subfield code="p">$24.99</subfield>
   <subfield code="q">-</subfield>
   <subfield code="r">-</subfield>
   <subfield code="s">-  </subfield>
   <subfield code="t">2</subfield>
   <subfield code="u">25</subfield>
   <subfield code="v">11</subfield>
   <subfield code="w">0</subfield>
   <subfield code="x">0</subfield>
   <subfield code="y">.i18367902</subfield>
   <subfield code="z">07-23-09</subfield>
  </datafield>
 </record>