<record>
  <leader>02015cam a2200409I  4500</leader>
  <controlfield tag="005">20150808051445.0</controlfield>
  <controlfield tag="008">080628s2009    nyua     b    000 0 eng d</controlfield>
  <datafield tag="020" ind1=" " ind2=" ">
   <subfield code="a">9781416580515 :</subfield>
   <subfield code="c">$28.00</subfield>
  </datafield>
  <datafield tag="020" ind1=" " ind2=" ">
   <subfield code="a">1416580514 :</subfield>
   <subfield code="c">$28.00</subfield>
  </datafield>
  <datafield tag="040" ind1=" " ind2=" ">
   <subfield code="a">BTCTA</subfield>
   <subfield code="c">BTCTA</subfield>
   <subfield code="d">YDXCP</subfield>
   <subfield code="d">BKL</subfield>
   <subfield code="d">YWM</subfield>
   <subfield code="d">IU0</subfield>
   <subfield code="d">UtOrBLW</subfield>
  </datafield>
  <datafield tag="049" ind1=" " ind2=" ">
   <subfield code="a">PDV</subfield>
  </datafield>
  <datafield tag="092" ind1=" " ind2=" ">
   <subfield code="a">958.1047</subfield>
   <subfield code="b">Stanton</subfield>
  </datafield>
  <datafield tag="100" ind1="1" ind2=" ">
   <subfield code="a">Stanton, Doug.</subfield>
  </datafield>
  <datafield tag="245" ind1="1" ind2="0">
   <subfield code="a">Horse soldiers :</subfield>
   <subfield code="b">the extraordinary story of a band of U.S. soldiers who rode to victory in Afghanistan /</subfield>
   <subfield code="c">Doug Stanton.</subfield>
  </datafield>
  <datafield tag="264" ind1=" " ind2="1">
   <subfield code="a">New York :</subfield>
   <subfield code="b">Scribner,</subfield>
   <subfield code="c">[2009]</subfield>
  </datafield>
  <datafield tag="264" ind1=" " ind2="4">
   <subfield code="c">c2009.</subfield>
  </datafield>
  <datafield tag="300" ind1=" " ind2=" ">
   <subfield code="a">xvi, 393 pages, 8 unnumbered pages of plates :</subfield>
   <subfield code="b">illustrations ;</subfield>
   <subfield code="c">24 cm.</subfield>
  </datafield>
  <datafield tag="336" ind1=" " ind2=" ">
   <subfield code="a">text</subfield>
   <subfield code="b">txt</subfield>
   <subfield code="2">rdacontent.</subfield>
  </datafield>
  <datafield tag="337" ind1=" " ind2=" ">
   <subfield code="a">unmediated</subfield>
   <subfield code="b">n</subfield>
   <subfield code="2">rdamedia.</subfield>
  </datafield>
  <datafield tag="338" ind1=" " ind2=" ">
   <subfield code="a">volume</subfield>
   <subfield code="b">nc</subfield>
   <subfield code="2">rdacarrier.</subfield>
  </datafield>
  <datafield tag="504" ind1=" " ind2=" ">
   <subfield code="a">Includes bibliographical references (pages 383-393).</subfield>
  </datafield>
  <datafield tag="650" ind1=" " ind2="0">
   <subfield code="a">Afghan War, 2001-2021</subfield>
   <subfield code="x">Cavalry operations, American.</subfield>
  </datafield>
  <datafield tag="650" ind1=" " ind2="0">
   <subfield code="a">Afghan War, 2001-2021</subfield>
   <subfield code="x">Aerial operations, American.</subfield>
  </datafield>
  <datafield tag="650" ind1=" " ind2="0">
   <subfield code="a">Afghan War, 2001-2021</subfield>
   <subfield code="v">Personal narratives, American.</subfield>
  </datafield>
  <datafield tag="610" ind1="1" ind2="0">
   <subfield code="a">United States.</subfield>
   <subfield code="b">Army.</subfield>
   <subfield code="b">Special Forces</subfield>
   <subfield code="x">History</subfield>
   <subfield code="y">21st century.</subfield>
  </datafield>
  <datafield tag="650" ind1=" " ind2="0">
   <subfield code="a">Special operations (Military science)</subfield>
   <subfield code="z">Afghanistan</subfield>
   <subfield code="x">History</subfield>
   <subfield code="y">21st century.</subfield>
  </datafield>
  <datafield tag="650" ind1=" " ind2="0">
   <subfield code="a">Soldiers</subfield>
   <subfield code="z">United States</subfield>
   <subfield code="x">History</subfield>
   <subfield code="y">21st century.</subfield>
  </datafield>
  <datafield tag="650" ind1=" " ind2="0">
   <subfield code="a">Soldiers</subfield>
   <subfield code="z">Afghanistan</subfield>
   <subfield code="x">History</subfield>
   <subfield code="y">21st century.</subfield>
  </datafield>
  <datafield tag="650" ind1=" " ind2="0">
   <subfield code="a">Urban warfare</subfield>
   <subfield code="z">Afghanistan</subfield>
   <subfield code="z">Mazar-i Sharif</subfield>
   <subfield code="x">History</subfield>
   <subfield code="y">21st century.</subfield>
  </datafield>
  <datafield tag="651" ind1=" " ind2="0">
   <subfield code="a">Mazar-i Sharif (Afghanistan)</subfield>
   <subfield code="x">History, Military</subfield>
   <subfield code="y">21st century.</subfield>
  </datafield>
  <datafield tag="907" ind1=" " ind2=" ">
   <subfield code="a">.b12507258</subfield>
   <subfield code="b">11-06-24</subfield>
   <subfield code="c">07-09-09</subfield>
  </datafield>
  <datafield tag="998" ind1=" " ind2=" ">
   <subfield code="a">c</subfield>
   <subfield code="a">n</subfield>
   <subfield code="a">r</subfield>
   <subfield code="b">07-23-09</subfield>
   <subfield code="c">m</subfield>
   <subfield code="d">a  </subfield>
   <subfield code="e">-</subfield>
   <subfield code="f">eng</subfield>
   <subfield code="g">nyu</subfield>
   <subfield code="h">0</subfield>
   <subfield code="i">5</subfield>
  </datafield>
  <datafield tag="910" ind1=" " ind2=" ">
   <subfield code="a">RDA ENRICHED</subfield>
  </datafield>
  <datafield tag="910" ind1=" " ind2=" ">
   <subfield code="a">MARS</subfield>
  </datafield>
  <datafield tag="945" ind1=" " ind2=" ">
   <subfield code="a">958.1047 Stanton     </subfield>
   <subfield code="g">1</subfield>
   <subfield code="i">31743308537198</subfield>
   <subfield code="l">cms  </subfield>
   <subfield code="o">-</subfield>
   <subfield code="p">$28.00</subfield>
   <subfield code="q">-</subfield>
   <subfield code="r">-</subfield>
   <subfield code="s">-  </subfield>
   <subfield code="t">2</subfield>
   <subfield code="u">13</subfield>
   <subfield code="v">3</subfield>
   <subfield code="w">0</subfield>
   <subfield code="x">0</subfield>
   <subfield code="y">.i22110008</subfield>
   <subfield code="z">01-17-18</subfield>
  </datafield>
  <datafield tag="945" ind1=" " ind2=" ">
   <subfield code="a">958.1047 Stanton     </subfield>
   <subfield code="g">1</subfield>
   <subfield code="i">31743308537206</subfield>
   <subfield code="l">nms  </subfield>
   <subfield code="o">-</subfield>
   <subfield code="p">$28.00</subfield>
   <subfield code="q">-</subfield>
   <subfield code="r">-</subfield>
   <subfield code="s">-  </subfield>
   <subfield code="t">2</subfield>
   <subfield code="u">6</subfield>
   <subfield code="v">2</subfield>
   <subfield code="w">0</subfield>
   <subfield code="x">0</subfield>
   <subfield code="y">.i2211001x</subfield>
   <subfield code="z">01-17-18</subfield>
  </datafield>
  <datafield tag="945" ind1=" " ind2=" ">
   <subfield code="a">958.1047 Stanton     </subfield>
   <subfield code="g">1</subfield>
   <subfield code="i">31743304284357</subfield>
   <subfield code="l">rms  </subfield>
   <subfield code="o">-</subfield>
   <subfield code="p">$28.00</subfield>
   <subfield code="q">-</subfield>
   <subfield code="r">-</subfield>
   <subfield code="s">-  </subfield>
   <subfield code="t">2</subfield>
   <subfield code="u">45</subfield>
   <subfield code="v">14</subfield>
   <subfield code="w">0</subfield>
   <subfield code="x">1</subfield>
   <subfield code="y">.i18368700</subfield>
   <subfield code="z">07-23-09</subfield>
  </datafield>
 </record>