<record>
  <leader>01900cam a2200361 a 4500</leader>
  <controlfield tag="005">20150808051445.0</controlfield>
  <controlfield tag="008">081201s2009    nyu    e      000 1 eng  </controlfield>
  <datafield tag="010" ind1=" " ind2=" ">
   <subfield code="a">2008051627</subfield>
  </datafield>
  <datafield tag="020" ind1=" " ind2=" ">
   <subfield code="a">9781401340902</subfield>
  </datafield>
  <datafield tag="020" ind1=" " ind2=" ">
   <subfield code="a">1401340903</subfield>
   <subfield code="c">$25.99</subfield>
  </datafield>
  <datafield tag="040" ind1=" " ind2=" ">
   <subfield code="a">DLC</subfield>
   <subfield code="c">DLC</subfield>
   <subfield code="d">BTCTA</subfield>
   <subfield code="d">YDXCP</subfield>
   <subfield code="d">LIQ</subfield>
   <subfield code="d">LCS</subfield>
   <subfield code="d">HLS</subfield>
   <subfield code="d">IHI</subfield>
   <subfield code="d">CQU</subfield>
   <subfield code="d">GZM</subfield>
   <subfield code="d">UtOrBLW</subfield>
  </datafield>
  <datafield tag="043" ind1=" " ind2=" ">
   <subfield code="a">n-us-ma</subfield>
  </datafield>
  <datafield tag="049" ind1=" " ind2=" ">
   <subfield code="a">PDV</subfield>
  </datafield>
  <datafield tag="092" ind1=" " ind2=" ">
   <subfield code="a">F</subfield>
   <subfield code="b">Howe</subfield>
  </datafield>
  <datafield tag="100" ind1="1" ind2=" ">
   <subfield code="a">Howe, Katherine,</subfield>
   <subfield code="d">1977-</subfield>
   <subfield code="e">author.</subfield>
  </datafield>
  <datafield tag="245" ind1="1" ind2="4">
   <subfield code="a">The physick book of Deliverance Dane :</subfield>
   <subfield code="b">a novel /</subfield>
   <subfield code="c">Katherine Howe.</subfield>
  </datafield>
  <datafield tag="264" ind1=" " ind2="1">
   <subfield code="a">New York :</subfield>
   <subfield code="b">Hyperion,</subfield>
   <subfield code="c">2009.</subfield>
  </datafield>
  <datafield tag="300" ind1=" " ind2=" ">
   <subfield code="a">371 pages ;</subfield>
   <subfield code="c">25 cm.</subfield>
  </datafield>
  <datafield tag="336" ind1=" " ind2=" ">
   <subfield code="a">text</subfield>
   <subfield code="b">txt</subfield>
   <subfield code="2">rdacontent.</subfield>
  </datafield>
  <datafield tag="337" ind1=" " ind2=" ">
   <subfield code="a">unmediated</subfield>
   <subfield code="b">n</subfield>
   <subfield code="2">rdamedia.</subfield>
  </datafield>
  <datafield tag="338" ind1=" " ind2=" ">
   <subfield code="a">volume</subfield>
   <subfield code="b">nc</subfield>
   <subfield code="2">rdacarrier.</subfield>
  </datafield>
  <datafield tag="520" ind1=" " ind2=" ">
   <subfield code="a">While readying her grandmother's abandoned home for sale, Connie Goodwin discovers an ancient key in a seventeenth-century Bible with a scrap of parchment bearing the name Deliverance Dane.  In her quest to discover who this woman was and seeking a rare artifact--a physick book--Connie begins to feel  haunted by visions of the long-ago witch trials and fears that she may be more tied to Salem's past than she could have imagined.</subfield>
  </datafield>
  <datafield tag="650" ind1=" " ind2="0">
   <subfield code="a">Witchcraft</subfield>
   <subfield code="z">Massachusetts</subfield>
   <subfield code="v">Fiction.</subfield>
  </datafield>
  <datafield tag="651" ind1=" " ind2="0">
   <subfield code="a">Marblehead (Mass.)</subfield>
   <subfield code="v">Fiction.</subfield>
  </datafield>
  <datafield tag="651" ind1=" " ind2="0">
   <subfield code="a">Salem (Mass.)</subfield>
   <subfield code="x">History</subfield>
   <subfield code="y">Colonial period, ca. 1600-1775</subfield>
   <subfield code="v">Fiction.</subfield>
  </datafield>
  <datafield tag="650" ind1=" " ind2="0">
   <subfield code="a">Trials (Witchcraft)</subfield>
   <subfield code="z">Massachusetts</subfield>
   <subfield code="z">Salem</subfield>
   <subfield code="x">History</subfield>
   <subfield code="y">17th century</subfield>
   <subfield code="v">Fiction.</subfield>
  </datafield>
  <datafield tag="907" ind1=" " ind2=" ">
   <subfield code="a">.b12507337</subfield>
   <subfield code="b">11-06-24</subfield>
   <subfield code="c">07-09-09</subfield>
  </datafield>
  <datafield tag="998" ind1=" " ind2=" ">
   <subfield code="a">m</subfield>
   <subfield code="a">a</subfield>
   <subfield code="a">r</subfield>
   <subfield code="b">07-23-09</subfield>
   <subfield code="c">m</subfield>
   <subfield code="d">a  </subfield>
   <subfield code="e">-</subfield>
   <subfield code="f">eng</subfield>
   <subfield code="g">nyu</subfield>
   <subfield code="h">4</subfield>
   <subfield code="i">7</subfield>
  </datafield>
  <datafield tag="910" ind1=" " ind2=" ">
   <subfield code="a">RDA ENRICHED</subfield>
  </datafield>
  <datafield tag="910" ind1=" " ind2=" ">
   <subfield code="a">MARS</subfield>
  </datafield>
  <datafield tag="945" ind1=" " ind2=" ">
   <subfield code="a">F Howe     </subfield>
   <subfield code="g">1</subfield>
   <subfield code="i">31743304416751</subfield>
   <subfield code="l">mms  </subfield>
   <subfield code="o">-</subfield>
   <subfield code="p">$25.99</subfield>
   <subfield code="q">-</subfield>
   <subfield code="r">-</subfield>
   <subfield code="s">-  </subfield>
   <subfield code="t">3</subfield>
   <subfield code="u">43</subfield>
   <subfield code="v">13</subfield>
   <subfield code="w">0</subfield>
   <subfield code="x">1</subfield>
   <subfield code="y">.i18368177</subfield>
   <subfield code="z">07-23-09</subfield>
  </datafield>
  <datafield tag="945" ind1=" " ind2=" ">
   <subfield code="a">F Howe     </subfield>
   <subfield code="g">1</subfield>
   <subfield code="i">31743304416769</subfield>
   <subfield code="l">ams  </subfield>
   <subfield code="o">-</subfield>
   <subfield code="p">$25.99</subfield>
   <subfield code="q">-</subfield>
   <subfield code="r">-</subfield>
   <subfield code="s">-  </subfield>
   <subfield code="t">3</subfield>
   <subfield code="u">31</subfield>
   <subfield code="v">10</subfield>
   <subfield code="w">0</subfield>
   <subfield code="x">0</subfield>
   <subfield code="y">.i18368189</subfield>
   <subfield code="z">07-23-09</subfield>
  </datafield>
  <datafield tag="945" ind1=" " ind2=" ">
   <subfield code="a">F Howe     </subfield>
   <subfield code="g">1</subfield>
   <subfield code="i">31743304416785</subfield>
   <subfield code="l">rms  </subfield>
   <subfield code="o">-</subfield>
   <subfield code="p">$25.99</subfield>
   <subfield code="q">-</subfield>
   <subfield code="r">-</subfield>
   <subfield code="s">-  </subfield>
   <subfield code="t">3</subfield>
   <subfield code="u">75</subfield>
   <subfield code="v">29</subfield>
   <subfield code="w">1</subfield>
   <subfield code="x">6</subfield>
   <subfield code="y">.i18368207</subfield>
   <subfield code="z">07-23-09</subfield>
  </datafield>
 </record>