<record>
  <leader>01084cam a2200325 a 4500</leader>
  <controlfield tag="005">20150808051446.0</controlfield>
  <controlfield tag="008">081203s2009    ncu    e      000 1 eng  </controlfield>
  <datafield tag="010" ind1=" " ind2=" ">
   <subfield code="a">2008052218</subfield>
  </datafield>
  <datafield tag="020" ind1=" " ind2=" ">
   <subfield code="a">9781565124943</subfield>
  </datafield>
  <datafield tag="020" ind1=" " ind2=" ">
   <subfield code="a">1565124944 :</subfield>
   <subfield code="c">$23.95</subfield>
  </datafield>
  <datafield tag="040" ind1=" " ind2=" ">
   <subfield code="a">DLC</subfield>
   <subfield code="c">DLC</subfield>
   <subfield code="d">BTCTA</subfield>
   <subfield code="d">BAKER</subfield>
   <subfield code="d">YDXCP</subfield>
   <subfield code="d">C#P</subfield>
   <subfield code="d">UtOrBLW</subfield>
  </datafield>
  <datafield tag="043" ind1=" " ind2=" ">
   <subfield code="a">f-mr---</subfield>
  </datafield>
  <datafield tag="049" ind1=" " ind2=" ">
   <subfield code="a">PDV</subfield>
  </datafield>
  <datafield tag="092" ind1=" " ind2=" ">
   <subfield code="a">F</subfield>
   <subfield code="b">Lalami</subfield>
  </datafield>
  <datafield tag="100" ind1="1" ind2=" ">
   <subfield code="a">Lalami, Laila,</subfield>
   <subfield code="d">1968-</subfield>
  </datafield>
  <datafield tag="245" ind1="1" ind2="0">
   <subfield code="a">Secret son :</subfield>
   <subfield code="b">a novel /</subfield>
   <subfield code="c">Laila Lalami.</subfield>
  </datafield>
  <datafield tag="250" ind1=" " ind2=" ">
   <subfield code="a">1st ed.</subfield>
  </datafield>
  <datafield tag="264" ind1=" " ind2="1">
   <subfield code="a">Chapel Hill, N.C. :</subfield>
   <subfield code="b">Algonquin Books of Chapel Hill,</subfield>
   <subfield code="c">2009.</subfield>
  </datafield>
  <datafield tag="300" ind1=" " ind2=" ">
   <subfield code="a">291 pages ;</subfield>
   <subfield code="c">22 cm</subfield>
  </datafield>
  <datafield tag="336" ind1=" " ind2=" ">
   <subfield code="a">text</subfield>
   <subfield code="b">txt</subfield>
   <subfield code="2">rdacontent</subfield>
  </datafield>
  <datafield tag="337" ind1=" " ind2=" ">
   <subfield code="a">unmediated</subfield>
   <subfield code="b">n</subfield>
   <subfield code="2">rdamedia</subfield>
  </datafield>
  <datafield tag="338" ind1=" " ind2=" ">
   <subfield code="a">volume</subfield>
   <subfield code="b">nc</subfield>
   <subfield code="2">rdacarrier</subfield>
  </datafield>
  <datafield tag="650" ind1=" " ind2="0">
   <subfield code="a">Young men</subfield>
   <subfield code="z">Morocco</subfield>
   <subfield code="z">Casablanca</subfield>
   <subfield code="v">Fiction.</subfield>
  </datafield>
  <datafield tag="651" ind1=" " ind2="0">
   <subfield code="a">Casablanca (Morocco)</subfield>
   <subfield code="v">Fiction.</subfield>
  </datafield>
  <datafield tag="651" ind1=" " ind2="0">
   <subfield code="a">Morocco</subfield>
   <subfield code="v">Fiction.</subfield>
  </datafield>
  <datafield tag="907" ind1=" " ind2=" ">
   <subfield code="a">.b12507374</subfield>
   <subfield code="b">10-06-23</subfield>
   <subfield code="c">07-09-09</subfield>
  </datafield>
  <datafield tag="998" ind1=" " ind2=" ">
   <subfield code="a">m</subfield>
   <subfield code="b">07-23-09</subfield>
   <subfield code="c">m</subfield>
   <subfield code="d">a  </subfield>
   <subfield code="e">-</subfield>
   <subfield code="f">eng</subfield>
   <subfield code="g">ncu</subfield>
   <subfield code="h">0</subfield>
   <subfield code="i">0</subfield>
  </datafield>
  <datafield tag="910" ind1=" " ind2=" ">
   <subfield code="a">RDA ENRICHED</subfield>
  </datafield>
  <datafield tag="910" ind1=" " ind2=" ">
   <subfield code="a">MARS</subfield>
  </datafield>
  <datafield tag="945" ind1=" " ind2=" ">
   <subfield code="a">F Lalami     </subfield>
   <subfield code="g">1</subfield>
   <subfield code="i">31743304284415</subfield>
   <subfield code="l">mms  </subfield>
   <subfield code="o">-</subfield>
   <subfield code="p">$23.95</subfield>
   <subfield code="q">-</subfield>
   <subfield code="r">-</subfield>
   <subfield code="s">-  </subfield>
   <subfield code="t">3</subfield>
   <subfield code="u">28</subfield>
   <subfield code="v">10</subfield>
   <subfield code="w">2</subfield>
   <subfield code="x">0</subfield>
   <subfield code="y">.i18368888</subfield>
   <subfield code="z">07-23-09</subfield>
  </datafield>
 </record>