<record>
  <leader>01467cam a2200373 a 4500</leader>
  <controlfield tag="005">20150808051446.0</controlfield>
  <controlfield tag="008">081120s2009    nyu    e      000 1 eng  </controlfield>
  <datafield tag="010" ind1=" " ind2=" ">
   <subfield code="a">2008049245</subfield>
  </datafield>
  <datafield tag="020" ind1=" " ind2=" ">
   <subfield code="a">9781400067114 (acid-free paper)</subfield>
  </datafield>
  <datafield tag="020" ind1=" " ind2=" ">
   <subfield code="a">1400067111 (acid-free paper) :</subfield>
   <subfield code="c">$25.00</subfield>
  </datafield>
  <datafield tag="040" ind1=" " ind2=" ">
   <subfield code="a">DLC</subfield>
   <subfield code="c">DLC</subfield>
   <subfield code="d">UPZ</subfield>
   <subfield code="d">YDXCP</subfield>
   <subfield code="d">ABG</subfield>
   <subfield code="d">IP6</subfield>
   <subfield code="d">CDX</subfield>
   <subfield code="d">UtOrBLW</subfield>
  </datafield>
  <datafield tag="049" ind1=" " ind2=" ">
   <subfield code="a">PDV</subfield>
  </datafield>
  <datafield tag="092" ind1=" " ind2=" ">
   <subfield code="a">F</subfield>
   <subfield code="b">See</subfield>
  </datafield>
  <datafield tag="100" ind1="1" ind2=" ">
   <subfield code="a">See, Lisa.</subfield>
  </datafield>
  <datafield tag="245" ind1="1" ind2="0">
   <subfield code="a">Shanghai girls :</subfield>
   <subfield code="b">a novel /</subfield>
   <subfield code="c">Lisa See.</subfield>
  </datafield>
  <datafield tag="250" ind1=" " ind2=" ">
   <subfield code="a">1st ed.</subfield>
  </datafield>
  <datafield tag="264" ind1=" " ind2="1">
   <subfield code="a">New York :</subfield>
   <subfield code="b">Random House,</subfield>
   <subfield code="c">[2009]</subfield>
  </datafield>
  <datafield tag="264" ind1=" " ind2="4">
   <subfield code="c">c2009</subfield>
  </datafield>
  <datafield tag="300" ind1=" " ind2=" ">
   <subfield code="a">314 pages ;</subfield>
   <subfield code="c">25 cm</subfield>
  </datafield>
  <datafield tag="336" ind1=" " ind2=" ">
   <subfield code="a">text</subfield>
   <subfield code="b">txt</subfield>
   <subfield code="2">rdacontent</subfield>
  </datafield>
  <datafield tag="337" ind1=" " ind2=" ">
   <subfield code="a">unmediated</subfield>
   <subfield code="b">n</subfield>
   <subfield code="2">rdamedia</subfield>
  </datafield>
  <datafield tag="338" ind1=" " ind2=" ">
   <subfield code="a">volume</subfield>
   <subfield code="b">nc</subfield>
   <subfield code="2">rdacarrier</subfield>
  </datafield>
  <datafield tag="520" ind1=" " ind2=" ">
   <subfield code="a">Two sisters leave Shanghai to find new lives in 1930s Los Angeles in this fresh, fascinating adventure.</subfield>
  </datafield>
  <datafield tag="650" ind1=" " ind2="0">
   <subfield code="a">Sisters</subfield>
   <subfield code="v">Fiction.</subfield>
  </datafield>
  <datafield tag="650" ind1=" " ind2="0">
   <subfield code="a">Chinese</subfield>
   <subfield code="z">United States</subfield>
   <subfield code="v">Fiction.</subfield>
  </datafield>
  <datafield tag="650" ind1=" " ind2="0">
   <subfield code="a">Immigrants</subfield>
   <subfield code="z">United States</subfield>
   <subfield code="v">Fiction.</subfield>
  </datafield>
  <datafield tag="650" ind1=" " ind2="0">
   <subfield code="a">Family secrets</subfield>
   <subfield code="v">Fiction.</subfield>
  </datafield>
  <datafield tag="907" ind1=" " ind2=" ">
   <subfield code="a">.b12507386</subfield>
   <subfield code="b">09-15-23</subfield>
   <subfield code="c">07-09-09</subfield>
  </datafield>
  <datafield tag="998" ind1=" " ind2=" ">
   <subfield code="a">c</subfield>
   <subfield code="a">g</subfield>
   <subfield code="a">n</subfield>
   <subfield code="b">07-23-09</subfield>
   <subfield code="c">m</subfield>
   <subfield code="d">a  </subfield>
   <subfield code="e">-</subfield>
   <subfield code="f">eng</subfield>
   <subfield code="g">nyu</subfield>
   <subfield code="h">0</subfield>
   <subfield code="i">8</subfield>
  </datafield>
  <datafield tag="910" ind1=" " ind2=" ">
   <subfield code="a">RDA ENRICHED</subfield>
  </datafield>
  <datafield tag="910" ind1=" " ind2=" ">
   <subfield code="a">MARS</subfield>
  </datafield>
  <datafield tag="945" ind1=" " ind2=" ">
   <subfield code="a">F See     </subfield>
   <subfield code="g">1</subfield>
   <subfield code="i">31743304284175</subfield>
   <subfield code="l">cms  </subfield>
   <subfield code="o">-</subfield>
   <subfield code="p">$25.00</subfield>
   <subfield code="q">-</subfield>
   <subfield code="r">-</subfield>
   <subfield code="s">-  </subfield>
   <subfield code="t">3</subfield>
   <subfield code="u">62</subfield>
   <subfield code="v">25</subfield>
   <subfield code="w">2</subfield>
   <subfield code="x">4</subfield>
   <subfield code="y">.i1836830x</subfield>
   <subfield code="z">07-23-09</subfield>
  </datafield>
  <datafield tag="945" ind1=" " ind2=" ">
   <subfield code="a">F See     </subfield>
   <subfield code="g">1</subfield>
   <subfield code="i">31743304284209</subfield>
   <subfield code="l">gms  </subfield>
   <subfield code="o">-</subfield>
   <subfield code="p">$25.00</subfield>
   <subfield code="q">-</subfield>
   <subfield code="r">-</subfield>
   <subfield code="s">-  </subfield>
   <subfield code="t">3</subfield>
   <subfield code="u">54</subfield>
   <subfield code="v">19</subfield>
   <subfield code="w">2</subfield>
   <subfield code="x">1</subfield>
   <subfield code="y">.i18368335</subfield>
   <subfield code="z">07-23-09</subfield>
  </datafield>
  <datafield tag="945" ind1=" " ind2=" ">
   <subfield code="a">F See     </subfield>
   <subfield code="g">1</subfield>
   <subfield code="i">31743304284191</subfield>
   <subfield code="l">nms  </subfield>
   <subfield code="o">n</subfield>
   <subfield code="p">$25.00</subfield>
   <subfield code="q">-</subfield>
   <subfield code="r">-</subfield>
   <subfield code="s">n  </subfield>
   <subfield code="t">3</subfield>
   <subfield code="u">39</subfield>
   <subfield code="v">6</subfield>
   <subfield code="w">0</subfield>
   <subfield code="x">0</subfield>
   <subfield code="y">.i18368323</subfield>
   <subfield code="z">07-23-09</subfield>
  </datafield>
 </record>