<record>
  <leader>01523cam a2200313 a 4500</leader>
  <controlfield tag="005">20150808051449.0</controlfield>
  <controlfield tag="008">080910s2009    wau           000 0 eng  </controlfield>
  <datafield tag="010" ind1=" " ind2=" ">
   <subfield code="a">2008039990</subfield>
  </datafield>
  <datafield tag="020" ind1=" " ind2=" ">
   <subfield code="a">9781556592898 (pbk. : alk. paper)</subfield>
  </datafield>
  <datafield tag="020" ind1=" " ind2=" ">
   <subfield code="a">1556592892 (pbk. : alk. paper) :</subfield>
   <subfield code="c">$15.00</subfield>
  </datafield>
  <datafield tag="040" ind1=" " ind2=" ">
   <subfield code="a">DLC</subfield>
   <subfield code="c">DLC</subfield>
   <subfield code="d">BTCTA</subfield>
   <subfield code="d">C#P</subfield>
   <subfield code="d">YDXCP</subfield>
   <subfield code="d">CDX</subfield>
   <subfield code="d">BWX</subfield>
   <subfield code="d">OCLCQ</subfield>
   <subfield code="d">ROC</subfield>
   <subfield code="d">DLC</subfield>
   <subfield code="d">CoLwJCPL</subfield>
   <subfield code="d">UtOrBLW</subfield>
  </datafield>
  <datafield tag="049" ind1=" " ind2=" ">
   <subfield code="a">PDV</subfield>
  </datafield>
  <datafield tag="092" ind1=" " ind2=" ">
   <subfield code="a">811.6</subfield>
   <subfield code="b">Dickman</subfield>
  </datafield>
  <datafield tag="100" ind1="1" ind2=" ">
   <subfield code="a">Dickman, Michael,</subfield>
   <subfield code="d">1975-</subfield>
  </datafield>
  <datafield tag="245" ind1="1" ind2="4">
   <subfield code="a">The end of the west /</subfield>
   <subfield code="c">Michael Dickman.</subfield>
  </datafield>
  <datafield tag="264" ind1=" " ind2="1">
   <subfield code="a">Port Townsend, Wash. :</subfield>
   <subfield code="b">Copper Canyon Press,</subfield>
   <subfield code="c">[2009]</subfield>
  </datafield>
  <datafield tag="264" ind1=" " ind2="4">
   <subfield code="c">c2009</subfield>
  </datafield>
  <datafield tag="300" ind1=" " ind2=" ">
   <subfield code="a">ix, 89 pages ;</subfield>
   <subfield code="c">22 cm</subfield>
  </datafield>
  <datafield tag="336" ind1=" " ind2=" ">
   <subfield code="a">text</subfield>
   <subfield code="b">txt</subfield>
   <subfield code="2">rdacontent</subfield>
  </datafield>
  <datafield tag="337" ind1=" " ind2=" ">
   <subfield code="a">unmediated</subfield>
   <subfield code="b">n</subfield>
   <subfield code="2">rdamedia</subfield>
  </datafield>
  <datafield tag="338" ind1=" " ind2=" ">
   <subfield code="a">volume</subfield>
   <subfield code="b">nc</subfield>
   <subfield code="2">rdacarrier</subfield>
  </datafield>
  <datafield tag="500" ind1=" " ind2=" ">
   <subfield code="a">"A Lannan literary selection"--P. [4] of cover.</subfield>
  </datafield>
  <datafield tag="505" ind1="0" ind2=" ">
   <subfield code="a">Nervous system -- Scary parents -- Some of the men -- Kings -- My autopsy -- Returning to church -- Little prayer -- My father full of light -- Late meditation -- Into the earth -- Good Friday -- My dead friends come back -- Ode -- We did not make ourselves -- Seeing whales -- Marco Polo -- Wang Wei: bamboo grove -- The end of the West.</subfield>
  </datafield>
  <datafield tag="650" ind1=" " ind2="0">
   <subfield code="a">American poetry</subfield>
   <subfield code="y">21st century.</subfield>
  </datafield>
  <datafield tag="907" ind1=" " ind2=" ">
   <subfield code="a">.b12507994</subfield>
   <subfield code="b">06-17-24</subfield>
   <subfield code="c">07-10-09</subfield>
  </datafield>
  <datafield tag="998" ind1=" " ind2=" ">
   <subfield code="a">m</subfield>
   <subfield code="b">07-27-09</subfield>
   <subfield code="c">m</subfield>
   <subfield code="d">a  </subfield>
   <subfield code="e">-</subfield>
   <subfield code="f">eng</subfield>
   <subfield code="g">wau</subfield>
   <subfield code="h">4</subfield>
   <subfield code="i">0</subfield>
  </datafield>
  <datafield tag="910" ind1=" " ind2=" ">
   <subfield code="a">RDA ENRICHED</subfield>
  </datafield>
  <datafield tag="910" ind1=" " ind2=" ">
   <subfield code="a">MARS</subfield>
  </datafield>
  <datafield tag="945" ind1=" " ind2=" ">
   <subfield code="a">811.6 Dickman     </subfield>
   <subfield code="g">1</subfield>
   <subfield code="i">31743304286527</subfield>
   <subfield code="l">mms  </subfield>
   <subfield code="m">Mon Jun 24 2024 03:47PM: IN TRANSIT from ricirc to mms  </subfield>
   <subfield code="o">-</subfield>
   <subfield code="p">$15.00</subfield>
   <subfield code="q">-</subfield>
   <subfield code="r">-</subfield>
   <subfield code="s">t  </subfield>
   <subfield code="t">2</subfield>
   <subfield code="u">13</subfield>
   <subfield code="v">6</subfield>
   <subfield code="w">1</subfield>
   <subfield code="x">0</subfield>
   <subfield code="y">.i18374992</subfield>
   <subfield code="z">07-28-09</subfield>
  </datafield>
 </record>